1861 3018
35 119 84 146 133
794 119 941 148 NO‘t'tTtA.
1607 126 1656 151 issi.

33 176 95 202 iecit
113 176 261 204 ministeria
278 182 384 204 sacrata
398 177 487 203 ‹nnnia
502 182 627 208 arucntva
644 179 692 209 23),
711 182 737 204 ct
753 182 864 211 patenas
882 183 1023 212 argenteas
1044 178 1078 203 251·
1101 179 1234 212 apposnit.
1257 178 1304 204 llsst·
1323 187 1369 205 sua
1391 180 1535 205 tralitione
1557 183 1656 209 inultos

31 211 164 237 convertit
183 212 215 237 ad
241 212 402 245 baptismum
420 217 445 238 ct
461 212 662 243 ‹aeduinum-nu
680 213 832 239 Tiburtium
850 215 930 239 etiarn
946 217 971 238 et
989 212 1159 238 Valerianum
1184 213 1381 239 nobilissimum
1402 214 1504 244 virutn,
1526 224 1655 249 sponsum

31 250 130 271 sancta:
146 246 268 276 Caeciliae,
283 254 351 279 (titos
368 247 448 273 etiam
464 255 549 280 usqne
570 248 601 272 ad
620 248 740 282 martyrii
757 248 872 281 palmam
888 248 1021 281 perduxit.
1043 247 1073 273 tit
1097 256 1143 281 per
1158 248 1217 280 ejus
1232 249 1332 273 inunita
1356 253 1382 274 et
1402 249 1563 280 doctrinam,
1580 252 1655 277 inulti

31 281 161 314 martyrio
182 282 302 307 coronati
318 287 380 307 sunt
397 282 445 315 (it).
469 280 515 307 llic
532 282 594 307 set-it
614 283 797 308 ordinationes
815 282 935 316 qttinque
955 290 1134 316 portuensem
1157 282 1341 310 Decembrem.
1359 284 1530 317 presbyteros
1548 293 1656 315 novem,

31 315 160 341 diat-onos
176 316 238 348 quin
261 324 302 345 ue,
319 316 462 349 episcopos
480 324 526 349 per
540 317 645 342 diversa
663 317 721 343 loca
735 321 806 342 octo*
826 317 877 348 Qui
889 322 916 344 ct
929 317 1050 351 sepultus
1063 321 1104 344 cst
1119 317 1145 343 in
1156 318 1312 344 coetnetcrio
1324 317 1487 351 l'roetextati,
1501 319 1541 345 via
1559 319 1656 353 Appia,

31 357 76 375 vni
95 348 228 376 Kalendas
242 324 348 382 iunias,
363 355 387 377 et
404 351 519 377 cessavit
535 351 706 385 episcopatus
721 351 778 378 dies
793 351 836 378 50.

578 526 835 572 NOTITIA
873 527 1123 571 ALTERA.

549 620 595 650 (D.
609 621 739 649 Consum,
758 619 870 652 Epistolu'
888 622 953 644 Rom.
968 625 1023 651 'tout
1051 623 1068 649 Ι,
1084 622 1147 652 tit.)

63 771 260 805 llunepapam,
274 770 426 797 Alexandro
439 770 612 804 imperatore,
624 770 736 797 Callisto
751 778 810 796 suc-
826 777 846 800 Α
862 774 1007 796 censentur
1032 769 1203 796 consulatus.
1226 770 1260 795 At
1283 769 1309 796 in
1335 769 1508 798 Bucheriano
1525 772 1654 807 Catalogo

27 817 141 843 cessisse
157 816 288 842 Eusebius
305 816 331 842 in
343 815 471 842 Chronico
487 815 579 841 tradit.
598 814 666 841 Eum
684 815 811 841 Ecclesia:

27 863 155 888 Romame
172 862 325 896 pontiticatu
342 861 460 887 octennio
474 860 644 895 perfunctum
660 869 720 888 esse
738 861 808 887 idem

27 908 143 941 scriptor
163 907 233 933 Hist.
255 907 299 933 lib.
324 915 359 939 vt,
376 915 400 933 c.
414 907 459 939 ⁶25,
472 907 560 933 docet.
578 906 684 933 Etcum
700 907 809 941 quide-ut

27 962 41 979 a
64 952 202 979 consulatu
229 952 341 979 Maximi
363 957 387 978 et
406 952 511 978 AElimn·
534 961 615 986 usque
638 953 761 986 Aqricola
786 958 809 978 et

25 999 195 1029 Clementiae,
212 998 261 1024 hoc
273 1003 313 1024 est
330 998 363 1024 ab
378 1006 449 1023 anno
464 998 566 1024 Christi
577 998 630 1024 225
645 999 677 1025 ad
691 998 741 1024 251·
758 998 809 1025 Ec-

24 1044 134 1070 clesiam
154 1043 256 1070 rexisse
275 1051 307 1070 ex
330 1043 499 1069 Bucheriano
520 1043 642 1077 catalogo
667 1043 808 1070 discimus.

25 1089 85 1116 Maii
104 1090 139 1115 25
154 1089 208 1122 die,
219 1097 273 1123 quo
289 1093 314 1115 et
332 1089 490 1114 memoriam
505 1089 565 1123 ejus
579 1090 698 1116 celebrat
714 1089 809 1116 Eccle-

24 1136 74 1167 sia,
92 1135 193 1162 obiisse
217 1135 345 1161 creditur.
364 1134 425 1161 llaec
449 1138 539 1161 antem
566 1135 657 1161 omnia
682 1135 752 1161 inter
769 1144 808 1168 se,

24 1189 128 1208 necnon
143 1189 204 1207 cum
220 1181 262 1212 iis,
281 1189 340 1215 quae
354 1181 386 1207 de
401 1180 513 1207 Callisto
529 1181 721 1214 praemisimus,
738 1189 810 1207 com-

23 1227 85 1260 poni
99 1226 239 1252 commode
259 1230 388 1260 possunt,
406 1227 428 1253 si
451 1227 606 1253 octennium
623 1226 807 1254 Eusebianntn

22 1277 84 1298 octo
100 1272 222 1299 diversos
235 1272 396 1298 consulatus
410 1272 603 1306 intelligamus.
616 1272 683 1299 Nam
696 1273 730 1299 ab
743 1273 807 1299 anni

22 1318 75 1344 ‘325
97 1326 190 1345 mense
207 1318 327 1350 Octobri,
353 1318 424 1345 circa
447 1319 526 1352 cujus
551 1319 652 1345 exitum
678 1319 808 1346 Callistus

21 1362 142 1397 pontifex
165 1367 272 1389 creatus
287 1368 411 1397 putatur,
429 1364 462 1390 ad
484 1364 519 1390 25
540 1364 611 1390 diem
631 1365 731 1391 niensis
745 1364 807 1391 Maii

22 1408 86 1435 anni
101 1407 164 1441 ⁶230,
184 1417 239 1443 quo
259 1408 360 1436 Urbani
383 1417 457 1436 mors
480 1410 667 1444 consignatur.
690 1415 751 1437 octo
767 1418 808 1436 re-

21 1486 59 1513 illi
81 1494 167 1513 annos
184 1494 279 1514 novem
304 1486 424 1513 ascribit.
443 1486 541 1513 Baron.
561 1494 633 1514 anno
652 1486 714 1519 253,
731 1495 806 1513 num.

21 1522 46 1547 t.
62 1520 124 1548 Snv.
146 1521 203 1547 Bm.

57 1557 95 1590 (3)
117 1556 166 1582 Hic
183 1556 243 1590 [ecit
266 1556 412 1582 ministeria
433 1562 538 1582 snm-ata
560 1557 648 1582 omnia
672 1561 806 1590 arqentea.

21 1591 68 1617 liis
93 1591 258 1624 temporibus
272 1591 420 1617 Ecclesiam
441 1598 494 1617 non
520 1592 601 1618 niodo
627 1591 735 1622 vitreis,
761 1592 807 1618 sed

21 1631 101 1652 ettam
119 1626 253 1659 argenteis
268 1626 409 1657 calicibus,
430 1626 529 1658 quibus
547 1626 711 1657 abundabat,
729 1634 806 1652 usam

20 1660 120 1690 fuisse.
143 1665 323 1694 pt·;eterquatti
344 1661 416 1693 quod
440 1660 482 1686 hie
505 1661 579 1686 aliud
598 1666 735 1687 asseratur
749 1681 755 1691 ‚
774 1669 806 1687 ex

20 1695 142 1728 Gregorii
155 1694 323 1721 Turonensis
337 1695 570 1727 commentariolo,
584 1703 662 1729 quem
679 1695 808 1728 Deqtoria

21 1736 166 1763 nint-tyrum
195 1730 322 1763 scripsit,
350 1737 514 1763 cognoscere
541 1730 618 1762 lieet,
645 1730 691 1756 ubi
719 1730 805 1756 dicit:

21 1765 103 1791 multa
119 1772 195 1791 sacra
210 1765 398 1791 ininisterialia
413 1772 477 1790 vasa
491 1772 523 1791 ex
540 1769 650 1798 argento
666 1764 788 1791 contecta
799 1785 805 1797 ,

21 1800 128 1826 inventa
146 1807 216 1830 esse,
230 1799 294 1825 duni
315 1804 407 1834 crypta
429 1799 484 1833 illa,
502 1799 527 1825 in
544 1807 597 1832 qua
621 1799 711 1826 fideles
730 1808 806 1826 sacra

21 1839 130 1868 agentes
151 1834 252 1860 occlusi
272 1834 393 1866 fucrant,
416 1834 595 1861 refoderetnr.
613 1833 668 1860 lino
686 1842 739 1860 non
761 1843 806 1860 ar-

20 1869 124 1901 genteis
146 1873 268 1900 tantum,
292 1869 338 1895 sed
360 1873 387 1895 et
406 1869 496 1895 aureis
518 1868 647 1895 calicibus
669 1868 807 1895 Romanos

21 1904 161 1937 pontitices
183 1904 255 1930 eirca
276 1904 332 1930 brec
351 1907 472 1937 tempora
494 1904 665 1930 incruentum
685 1905 807 1938 corporis

19 1946 51 1964 ac
80 1939 222 1972 sanguinis
250 1938 355 1964 Domini
380 1939 544 1965 sacr-ilicium
570 1938 667 1965 offerre
689 1946 807 1965 consue-

20 1973 100 2003 xisse‚
119 1973 279 1999 Prudentius
295 1974 321 1998 in
339 1974 440 2008 hymno
454 1974 486 2000 de
499 1974 581 2000 rebus
597 1973 678 2007 gestis
696 1973 724 1999 S.
740 1973 807 1999 Lau-

20 2008 99 2033 rentii
113 2008 221 2039 indicat,
234 2008 368 2040 versibus,
383 2008 482 2041 quibus
495 2013 684 2042 persecutores
697 2007 725 2034 S.
739 2008 807 2035 Lau-

17 2043 134 2069 rentium
150 2043 365 2076 interpellarunt,
384 2043 473 2069 hisce:

180 2099 257 2124 Hunc
268 2107 323 2125 esse
339 2100 430 2125 vestris
448 2100 526 2134 orqiis

179 2133 338 2167 Moremqtte,
353 2139 376 2159 et
393 2139 486 2164 artem,
499 2135 631 2167 proditum
647 2138 702 2164 εει,-

177 2167 255 2194 Hunc
270 2169 438 2201 disciplinam
452 2169 556 2200 soedcris

177 2203 268 2229 Libcnt
284 2208 310 2229 ut
324 2212 389 2229 (turo
405 2204 544 2234 antistites,

178 2238 310 2271 Arqenteis
327 2239 431 2272 scyphis
445 2239 543 2271 serunt,

176 2272 292 2298 Fumare
306 2281 411 2299 sacrum
423 2274 591 2306 sanquinem:

175 2307 297 2341 Amoque
308 2309 441 2333 nocturnis
455 2309 537 2334 sacris

176 2342 271 2368 Asture
283 2342 350 2376 fixos
364 2351 459 2369 cereos.

53 2398 121 2425 Cum
147 2398 229 2433 igitur
254 2400 304 2426 hac
330 2406 363 2425 ex
387 2403 463 2432 parte
489 2399 651 2426 Christiana»
675 2398 802 2425 Ecclesiae

30 2432 105 2459 ytoria
130 2438 281 2465 cresceret,
303 2433 392 2468 regale
422 2434 602 2460 sacerdotium
631 2433 730 2460 Christi
759 2433 801 2459 his

35 2467 170 2501 ulgoribus
186 2472 212 2495 et
226 2469 391 2495 ornamentis
407 2468 597 2501 illustraretur,
614 2476 667 2494 non
681 2469 739 2494 sine
754 2467 800 2494 Dei

863 823 916 842 non
937 816 1026 841 solunt
1048 823 1134 842 annos
1162 815 1188 845 8,
1214 815 1258 841 sed
1276 820 1301 841 et
1325 821 1454 849 praeterea
1481 825 1589 845 menses
1609 820 1653 851 tt,

863 860 921 887 dies
935 860 978 893 12,
995 860 1022 886 in
1037 868 1088 886 rus.
1103 865 1193 886 autem
1209 860 1309 894 reginae
1330 859 1410 887 Suec.
1430 869 1516 888 annos
1532 862 1559 893 8,
1576 870 1652 889 men-

863 914 907 933 ses
924 906 967 937 to,
982 906 1040 933 dics
1057 906 1099 938 1⁶2,
1126 906 1153 932 in
1169 905 1327 933 Corbeiensi
1352 915 1438 934 annos
1451 909 1478 939 9,
1501 916 1608 935 menses
1626 909 1652 940 i,

862 953 919 979 dies
935 953 964 979 il
985 952 1091 979 sedisse
1116 952 1272 980 adnotatur.
1294 952 1346 979 Sed
1369 953 1431 987 quia
1453 954 1479 980 in
1498 955 1653 982 nunnericas

862 1004 941 1025 notas
957 1006 1034 1024 error
1053 998 1133 1024 facile
1146 998 1251 1031 irrepit,
1275 999 1341 1025 adeo
1366 1004 1395 1025 ut
1412 1008 1459 1033 pro
1472 1006 1532 1027 octo
1551 1000 1653 1027 Urbani

861 1043 997 1078 pontificis
1019 1044 1098 1069 annis
1120 1043 1146 1070 in
1172 1051 1226 1070 uno
1249 1044 1405 1070 Colbertino
1425 1044 1458 1070 lV
1475 1051 1500 1072 ct
1513 1046 1538 1071 in
1554 1045 1653 1073 Fossa-

862 1089 931 1116 tensi
949 1089 982 1115 111
1013 1094 1117 1115 tantum
1136 1089 1271 1123 legantur,
1294 1089 1448 1116 litet-endum
1473 1092 1562 1124 potius
1578 1092 1652 1118 vide-

863 1140 905 1161 tur
923 1135 1061 1162 consulari
1077 1140 1157 1165 notae,
1174 1143 1226 1168 qua
1244 1134 1346 1161 Urbani
1365 1136 1541 1169 pontificatus
1561 1145 1574 1163 a
1592 1136 1651 1163 Ma-

861 1182 927 1208 ximi
945 1187 971 1208 et
990 1181 1090 1207 AEliani
1113 1182 1257 1208 consulatu
1276 1181 1308 1208 ad
1331 1182 1502 1208 consulatum
1518 1183 1653 1217 Agricola:

860 1232 886 1254 et
901 1227 1063 1254 Clementini
1078 1227 1103 1253 in
1120 1227 1290 1254 Bueheriano
1302 1228 1427 1262 catalogo
1442 1228 1580 1254 delinitur.

897 1272 998 1299 Urbani
1015 1273 1119 1298 nullum
1142 1272 1175 1299 ad
1201 1280 1251 1299 nos
1276 1274 1397 1307 pervenit
1420 1274 1568 1307 genuinum
1586 1274 1654 1300 scri-

861 1323 946 1353 ptum.
964 1318 1001 1345 Ea
1019 1319 1117 1353 quippe
1141 1320 1265 1353 epistola,
1285 1328 1346 1353 quse
1368 1320 1477 1346 nomine
1503 1320 1576 1346 illius
1599 1321 1653 1347 cir-

860 1364 1021 1396 cumfertur,
1041 1365 1175 1391 lsidOtutn
1200 1365 1377 1392 Mercatoretn
1401 1364 1526 1399 opificem
1551 1366 1651 1392 habet:

861 1411 984 1444 adeoque
999 1410 1033 1437 ab
1047 1411 1106 1445 ejus
1120 1411 1280 1437 collectione
1296 1418 1349 1437 non
1370 1415 1411 1437 est
1429 1411 1615 1438 distrahenda.

827 1491 927 1517 Bnutu
952 1495 984 1514 ac
1005 1487 1120 1514 consilio
1147 1488 1245 1514 accidit
1273 1492 1301 1514 ut
1327 1487 1480 1514 Alexander
1503 1488 1653 1522 imperator

863 1523 969 1555 templis
992 1522 1105 1548 deorum
1137 1523 1278 1556 gentilium
1293 1544 1299 1553 ,
1328 1531 1425 1549 aurum
1455 1527 1479 1549 et
1509 1528 1651 1557 argentum

859 1557 978 1583 conferri
992 1565 1062 1591 :egre
1076 1558 1176 1588 tulerit,
1194 1558 1313 1590 illudque
1328 1557 1424 1590 Persii,
1439 1563 1467 1584 ut
1480 1557 1562 1584 resert
1576 1558 1653 1584 Latu-

860 1592 976 1625 pridius,
992 1592 1148 1626 frequenter
1165 1593 1331 1619 susurrarit:

1040 1647 1072 1673 In
1089 1648 1182 1680 templo
1198 1648 1261 1681 quid
1279 1648 1343 1681 facit
1362 1649 1477 1673 aurum?

859 1702 891 1729 Et
905 1703 1012 1729 demum
1030 1703 1175 1737 singularis
1192 1703 1291 1730 divinre
1308 1704 1484 1737 providentiae
1503 1711 1572 1738 opus
1589 1713 1650 1732 esse

859 1739 975 1769 videtur,
990 1739 1062 1772 quod
1077 1746 1173 1764 aurunt
1192 1743 1218 1764 et
1231 1744 1384 1772 argentum,
1404 1739 1511 1772 templis
1527 1740 1651 1766 ethnico-

858 1781 918 1798 rum
936 1773 992 1807 jatn
1011 1778 1073 1799 ante
1094 1774 1230 1799 collatum
1250 1781 1296 1807 per
1312 1773 1489 1799 Maximinum
1505 1774 1651 1802 Alexandri

858 1815 1043 1834 successorem
1062 1809 1130 1834 istuc
1146 1808 1258 1838 auferri,
1272 1812 1376 1835 statuas
1390 1808 1514 1839 deorum,
1529 1817 1652 1836 omnem-

857 1850 910 1876 que
927 1843 1068 1869 materiam
1087 1844 1206 1869 nummis
1225 1843 1375 1869 condendis
1390 1843 1513 1870 idoneam
1537 1844 1651 1871 conflari

858 1878 1025 1910 permiserit:
1040 1878 1162 1911 adeoque
1176 1877 1290 1903 voluerit
1305 1878 1374 1908 lieri,
1389 1879 1460 1910 quod
1478 1877 1486 1903 Ι
1506 1878 1570 1912 neg.
1588 1887 1649 1913 cap.

858 1920 872 1937 v
885 1912 1023 1943 scribitur,
1039 1920 1100 1938 arca
1117 1913 1221 1939 scilicet
1236 1912 1282 1938 Dei
1295 1913 1541 1946 appropinquante,
1556 1913 1649 1947 Dagon

857 1947 1077 1973 Philisthaeorum
1095 1947 1177 1973 deum
1194 1946 1346 1981 consringi;
1363 1947 1435 1973 illam
1451 1948 1555 1978 extolli,
1576 1949 1650 1975 hunc

857 1981 952 2015 dejici;
976 1982 1048 2008 illam
1071 1982 1154 2015 gloria
1174 1987 1200 2008 et
1219 1983 1322 2008 honore
1339 1982 1418 2014 affici,
1435 1982 1507 2008 hune
1522 1990 1586 2008 vero
1603 1983 1650 2009 dc-

855 2016 957 2050 jectnm
972 2017 1100 2043 universo
1116 2024 1213 2043 ornatu
1233 2021 1259 2042 ct
1279 2017 1378 2043 decore
1397 2017 1459 2043 exui
1477 2022 1502 2043 et
1517 2018 1626 2050 spoliari
1641 2027 1648 2050 ;

857 2051 1018 2077 Cin-istianae
1037 2052 1174 2085 religionis
1199 2052 1312 2085 gloriani
1336 2059 1478 2083 erescere,
1510 2053 1649 2085 gentilitia:

857 2086 1059 2119 superstitionis
1079 2087 1209 2112 honorem
1235 2086 1319 2112 minui
1334 2091 1360 2112 et
1375 2086 1482 2119 penitus
1495 2088 1646 2113 obscurari.

858 2120 957 2148 Baron.
973 2129 1045 2147 anno
1058 2120 1160 2147 Christi
1176 2121 1238 2149 253.
1253 2129 1279 2146 n.
1299 2121 1315 2146 -2
1329 2126 1354 2146 et
1368 2121 1394 2147 5.
1418 2120 1484 2147 Vide
1504 2129 1563 2155 quae
1578 2123 1649 2148 dixi-

820 2159 840 2186 C
857 2163 918 2181 ttius
935 2163 1016 2189 supra
1034 2156 1060 2181 in
1079 2156 1148 2182 notis
1160 2156 1193 2182 ad
1209 2156 1298 2181 Vitam
1311 2155 1466 2190 Zephyrini.
1486 2156 1521 2182 ln.

895 2191 932 2224 (lt)
953 2190 1005 2216 Per
1024 2191 1079 2224 ejus
1097 2191 1196 2216 mouita
1217 2195 1240 2216 et
1256 2191 1401 2216 doctrinam
1425 2191 1500 2217 multi
1519 2192 1647 2223 martyrio

860 2227 977 2250 coronati
992 2231 1063 2251 sunt.
1078 2225 1128 2257 Qui
1145 2225 1307 2255 Tiburtium,
1329 2224 1501 2251 Valerianum
1519 2230 1544 2250 et
1560 2225 1647 2250 Maxi-

860 2267 933 2285 mum
949 2268 1010 2286 cuin
1026 2266 1118 2287 sancta
1132 2260 1239 2286 Caecilia
1255 2260 1280 2285 in
1297 2260 1347 2286 lide
1364 2260 1538 2290 instruxerat,
1560 2260 1646 2293 bapti-

859 2300 977 2325 zaverat,
993 2299 1019 2321 et
1030 2295 1161 2321 adversus
1176 2295 1258 2321 ictum
1275 2294 1355 2328 gladii
1373 2295 1478 2320 hortatu
1496 2303 1545 2320 suo
1563 2295 1646 2320 obtir-

859 2334 989 2360 maverat,
1006 2329 1113 2356 tandem
1130 2330 1188 2363 ipse
1205 2337 1313 2363 quoque
1327 2329 1410 2355 multa
1432 2335 1539 2362 propter
1553 2328 1646 2355 Eccle-

857 2363 926 2390 siam
940 2372 1047 2397 passuS,
1063 2364 1213 2391 cervicibus
1231 2364 1368 2395 abscissis,
1385 2365 1514 2397 martyrio
1530 2371 1646 2389 corona-

855 2403 899 2424 tus
919 2404 976 2431 est,
997 2407 1069 2425 anno
1085 2399 1186 2426 Christi
1210 2398 1277 2430 ⁶255,
1303 2399 1447 2424 Alexandri
1473 2399 1644 2431 imperators

855 2432 888 2493 ι10
901 2455 907 2465 ,
933 2434 1064 2493 xiigesitno
1092 2434 1187 2468 quinto
1214 2433 1256 2460 dic
1285 2433 1357 2459 Maii.
1387 2433 1486 2458 tim-011.
1516 2433 1644 2467 praedtcto

864 2476 923 2495 oco.
952 2477 978 2495 e.
