1861 3018
75 112 126 139 117

828 103 929 130 Att'rx.

1640 99 1688 124 lif<

73 170 250 200 catechizavit
263 178 323 197 enm
337 178 346 196 e
358 174 384 196 ct
404 169 511 195 allatam
526 175 624 201 aquam
637 167 668 192 de
682 164 788 201 lympha
804 171 854 197 pn-
871 167 892 193 Λ
908 161 1024 196 peccavi.
1041 159 1139 187 Eadem
1160 160 1224 186 hora
1240 157 1382 186 subridens
1398 157 1557 184 Alexander.
1580 157 1688 183 tradidit

74 219 122 248 tei.
135 218 179 251 qui
192 221 248 243 erat
262 217 286 242 in
300 216 393 242 eadem
411 215 501 243 domo,
517 213 652 239 benedixit
669 233 673 237 .
692 216 717 237 et
731 210 853 244 deposito

73 260 205 287 Palmatio
221 261 245 286 in
259 260 356 294 pelvim
372 259 438 292 (15),
452 258 519 284 dixit
531 259 553 283 ei
569 258 595 283 S.
611 257 731 283 (Ialixtus
745 255 852 289 episeo-

71 313 123 339 pus
137 315 143 332 z
158 305 252 331 Credis
269 312 300 331 ex
317 309 372 330 toto
389 304 469 330 corde
486 303 511 329 in
533 303 614 328 Deum
638 302 742 328 Patrem
764 300 851 326 omni-

72 355 218 384 potentem,
235 349 364 376 factorem
380 349 525 375 visibilium
542 353 567 373 et
589 346 783 373 inxisibilium‘?
802 344 852 369 Re-

71 395 179 428 spondit
192 395 339 420 Palmatius
357 404 362 420 τ
381 394 476 419 Credo.
503 393 531 418 tit
552 392 618 418 dix-it
633 392 655 417 ei
675 401 680 417 2
705 391 736 416 t-lt
760 391 785 416 in
810 389 852 415 Je-

71 447 130 465 sum
148 438 297 468 Christum,
317 438 412 464 Filium
431 438 489 471 ejus
506 437 722 471 (tn)·!t·2titer11111
740 443 849 469 respon-

70 485 108 511 dit
134 494 140 511 t
167 485 262 511 Credo.
281 485 311 510 Et
327 484 394 510 dixit
407 484 430 509 ci
450 493 455 510 2
473 483 503 509 Et
521 484 546 509 in
567 483 696 517 Spiritum
715 486 850 513 sanctum,

70 530 216 557 Ecclesiam
246 530 429 559 Catholicam,
456 529 641 555 remissionem
669 532 850 561 peccatorum,

69 576 159 602 carnis
179 575 425 602 resm·rectionem?
443 574 474 600 Et
490 574 652 600 exclamavit
671 581 735 599 voce
754 581 850 607 magna

68 629 129 647 cum
157 620 283 655 lacrymis
310 620 457 646 Palmatius
476 629 480 645 :
504 619 600 651 Credo,
616 618 737 644 Domine.
752 617 849 644 Eadem

69 666 134 692 hora
152 667 232 699 c(1·pit
247 666 362 691 clamare
384 670 408 691 et
423 666 513 691 dicere
529 674 534 690 ε
552 664 619 690 Vere
636 664 689 689 xidi
708 664 849 689 Dominum

66 710 158 737 Jesum
183 711 319 737 Christum
345 718 437 735 verum
467 710 569 738 lumen,
591 708 636 742 qui
657 715 698 733 me
720 707 852 733 illumina-

67 757 105 782 xit
122 757 188 789 (17).
205 756 352 789 Baptizavit
369 760 458 781 antem
483 759 509 780 ct
528 761 635 780 omnem
655 754 764 779 domum
788 753 849 778 Pal-

67 802 151 832 matii,
170 806 195 826 ct
211 809 321 827 uxorem
343 805 369 826 et
393 800 472 829 tilios.
488 804 513 826 et
530 799 677 833 promiscui
699 806 779 824 sexus
800 806 849 824 nu-

67 853 141 871 mero
162 846 341 879 quadraginta
361 845 438 870 duos.
456 844 495 869 Ab
514 844 607 869 eadem
628 842 671 868 die
691 843 772 875 cmp'it
790 841 849 867 I‘al-

67 890 164 916 matius
179 898 287 916 omnem
306 889 460 915 facultatem
477 897 553 915 snam
582 887 746 921 pauperibus
768 887 847 913 Chri-

65 936 162 962 stianis
185 943 305 969 erogare,
322 934 480 968 perquirens
496 934 620 967 regiones
635 936 661 959 et
683 937 800 967 cryptas,
821 938 847 958 ιιι

66 982 220 1015 ubicunque
234 981 365 1007 inveniret
382 985 428 1007 aut
443 980 468 1005 in
487 979 609 1006 custodia
630 984 677 1004 ant
700 979 848 1005 absconsos

64 1027 245 1058 Christianos,
272 1027 305 1053 de
329 1026 505 1053 facultatibus
523 1025 581 1052 suis
598 1025 697 1051 victum
713 1025 753 1051 vel
773 1029 847 1058 tegu-

65 1077 184 1099 mentum
205 1072 382 1099 ministraret.

99 1119 125 1145 4.
142 1118 206 1144 Post
221 1119 278 1144 dies
292 1126 355 1144 vero
382 1119 493 1152 triginta
522 1119 590 1143 duos
613 1117 678 1151 (18),
702 1116 847 1151 requiritur

64 1164 211 1190 l‘atmanns
226 1165 259 1190 ab
286 1164 449 1194 Alexandro,
469 1164 511 1189 cni
534 1164 686 1189 nuntiatum
711 1167 762 1193 est,
785 1163 846 1196 qnia

63 1209 234 1235 Christianus
264 1214 315 1241 est,
339 1214 364 1235 ct
391 1209 451 1235 aliis
475 1209 580 1235 suadet.
599 1208 673 1234 Tunc
694 1208 847 1234 Alexander

61 1254 142 1288 jussit
154 1262 215 1280 cum
234 1254 404 1288 praesentari.
432 1252 483 1285 Qui
508 1261 568 1280 cum
593 1257 683 1279 tentus
712 1252 806 1279 luisset
832 1260 846 1279 a

64 1299 181 1332 quodam
197 1299 334 1333 Torquato
349 1300 467 1330 tribuno,
484 1303 510 1325 et
529 1299 629 1325 missus
651 1299 676 1324 in
692 1298 845 1325 custodiam

62 1337 213 1369 Mamertini
226 1344 296 1378 (t9);
310 1348 370 1377 post
384 1343 501 1370 triduum
519 1343 574 1377 (20)
587 1342 714 1369 indicavit
729 1343 845 1369 Alexan-

21 1381 26 1387 *
63 1386 112 1414 dro
128 1387 292 1422 Torquatus,
309 1389 470 1415 Palmatium
498 1389 524 1415 in
552 1388 674 1415 custodia
709 1389 846 1422 mancipa-

64 1436 132 1458 tum.
149 1433 225 1460 Tunc
243 1434 524 1467 Alexander'gaudcns
536 1435 617 1469 jussit
633 1441 695 1461 eum
712 1433 763 1460 sihi
779 1441 847 1468 prae-

62 1478 173 1503 sentari.
189 1477 221 1504 Et
232 1479 336 1505 vinctus
348 1480 451 1505 catenis
466 1479 614 1505 Palmatius
627 1479 846 1513 ingrediturante

62 1523 255 1549 Alexandrum.
269 1523 353 1556 Quem
367 1533 427 1550 eum
449 1525 571 1555 vidisset,
588 1524 671 1558 jussit
686 1532 747 1550 enm
765 1524 843 1556 solvi,

61 1572 87 1594 et
102 1568 169 1594 dixit
184 1569 208 1594 ei
226 1578 232 1595 z
258 1569 302 1595 Sic
318 1577 411 1596 amens
427 1569 514 1596 sactus
531 1577 571 1601 es,
586 1577 601 1596 o
618 1569 741 1600 Palmati,
761 1574 791 1596 ut
804 1570 847 1596 de-

61 1621 136 1640 seras
165 1614 239 1644 deos,
266 1620 291 1641 et
315 1623 421 1649 quaeras
446 1620 472 1642 et
505 1617 579 1642 colas
610 1616 747 1643 hominem
775 1624 847 1643 mor-

61 1663 136 1684 tuum
154 1660 229 1694 (21)?
245 1659 393 1687 Palmatius
411 1661 502 1688 tacuit.
527 1661 599 1687 Dixit
623 1662 646 1688 ei
670 1662 821 1689 Alexander
839 1672 844 1688 :

61 1703 184 1737 Loquere
199 1705 356 1731 fiducialiter
372 1715 376 1731 :
398 1715 430 1731 ne
451 1707 557 1732 timeas.
574 1706 723 1739 Respondit
738 1707 845 1733 Palma-

62 1749 117 1774 tius
132 1749 244 1775 dicens:
260 1750 286 1775 Si
303 1751 372 1776 datis
385 1751 530 1782 licentiam,
547 1751 682 1784 loquimur
697 1753 844 1778 veritatem.

64 1792 136 1819 Dixit
157 1794 180 1820 ei
207 1794 380 1822 Alexander:
408 1796 523 1830 Excepta
546 1797 658 1823 deorum
677 1797 785 1830 injuria,
804 1797 845 1823 lo-

61 1846 154 1873 quere.
171 1839 242 1866 Dixit
256 1841 280 1867 ei
295 1840 443 1868 Palmatius
459 1851 465 1867 :
482 1841 587 1876 Optime
601 1842 734 1876 princeps,
752 1843 773 1869 si
797 1843 845 1869 ad-

58 1890 158 1917 vertas,
170 1893 223 1912 ιιοιι
236 1890 299 1913 sunt
312 1887 359 1918 dii,
369 1887 414 1913 scd
429 1892 492 1914 sunt
504 1888 607 1915 factura
618 1889 758 1915 hominum
773 1897 845 1915 mor-

60 1931 164 1957 talium.
179 1931 258 1958 Modo
270 1932 378 1966 quidem
393 1935 538 1967 cognoscat
552 1935 730 1960 mansuetudo
743 1939 842 1966 vestra,

58 1977 105 2007 qui
119 1977 215 2003 debent
230 1978 282 2003 coli
299 1987 305 2003 2
321 1978 367 2011 qni
385 1983 448 2004 sunt
460 1984 506 2005 aut
522 1979 692 2006 fabricantur
707 1988 720 2006 a
743 1985 844 2006 morta-

59 2021 141 2052 libus,
154 2022 244 2056 tuales
261 2023 325 2053 sint,
342 2031 389 2049 vos
407 2023 536 2057 judicate.
556 2024 607 2051 Sed
624 2033 719 2058 precor
737 2033 787 2059 ego
803 2026 843 2052 in-

59 2067 125 2093 felix
139 2067 288 2093 claritatem
304 2073 420 2094 vestram
440 2078 446 2095 :
463 2070 537 2096 dicas
553 2070 603 2096 deo
625 2074 672 2096 tuo
693 2075 721 2096 ut
746 2071 842 2104 loqua-

58 2115 112 2143 tur,
128 2115 153 2137 et
168 2118 229 2137 cum
245 2112 455 2144 interrogavero,
470 2115 630 2148 respondeat
647 2125 653 2142 ι
669 2120 695 2142 et
710 2120 770 2142 cum
791 2117 841 2142 hoe

58 2155 158 2182 sactum
175 2156 265 2189 suerit,
279 2165 331 2184 nnn
349 2159 443 2184 desero
455 2159 519 2185 deos
540 2164 610 2191 tuos,
626 2168 694 2193 quos
714 2165 739 2186 ιιι
755 2161 841 2188 dicis?

59 2200 129 2227 Dixit
149 2201 172 2228 ei
195 2202 346 2229 Alexander
363 2213 368 2229 2
385 2203 417 2230 Et
435 2205 571 2238 quomodo
585 2214 600 2231 a
616 2206 760 2232 cunabulis
786 2207 839 2233 tuis

58 2245 125 2273 istos
144 2247 273 2277 adorasti,
303 2253 328 2274 et
352 2249 432 2275 modo
459 2250 589 2283 relinquis
611 2252 674 2276 eos?
692 2250 839 2285 Respondit

58 2290 225 2317 Palmatius:
245 2291 304 2318 Feci
328 2293 406 2326 quasi
431 2293 523 2320 infelix
546 2303 552 2320 t
578 2296 658 2321 modo
682 2301 771 2322 antem
797 2304 840 2322 co-

59 2336 138 2369 gnovi
154 2337 225 2370 quod
243 2345 335 2363 verum
351 2343 401 2369 est,
419 2339 451 2364 de
467 2347 519 2372 qua
536 2347 564 2365 re
582 2348 677 2373 precor
694 2341 837 2367 Dominum

57 2381 148 2408 Jesum
161 2382 309 2414 Christum,
333 2389 361 2409 ut
378 2384 499 2419 ignoscat
520 2385 597 2416 mihi,
622 2386 685 2419 quia
711 2387 840 2421 ignorans

97 2448 153 2482 (15)
171 2448 208 2475 lta
222 2449 416 2476 Constantinus
436 2451 547 2484 Magnus
568 2451 637 2485 apud
662 2451 838 2479 Anastasium

61 2482 298 2509 Bibliotheearium
316 2485 341 2509 in
357 2484 415 2510 Vita
435 2485 462 2511 S.
485 2485 607 2512 Silvestri
624 2486 696 2512 dedit
717 2496 724 2511 ι
742 2488 838 2520 pelvim

60 2525 91 2543 ex
105 2523 215 2550 argento
229 2520 260 2543 ad
273 2519 445 2551 baptismum,
455 2526 609 2553 pensantem
621 2521 703 2547 libras
718 2522 836 2555 viginti.»

57 2550 104 2577 Ita
122 2553 200 2577 idem.
216 2552 296 2578 Plura
314 2554 335 2578 si
353 2554 439 2586 cupis,
457 2555 517 2581 vide
532 2555 673 2581 Illorettnm
687 2556 732 2581 cit.

92 2587 146 2620 (iti)
161 2586 236 2619 Apud
249 2586 390 2613 Morcttum
405 2589 539 2615 adduntur
551 2591 621 2615 time:
640 2599 648 2614 ‹
667 2589 698 2615 Et
714 2590 781 2616 dixit
798 2591 836 2617 ci:

57 2619 107 2651 Qui
130 2625 208 2647 natus
226 2625 266 2646 est
279 2622 311 2646 de
332 2621 432 2654 Spiritu
451 2629 545 2650 sancto
562 2632 593 2650 cx
611 2624 693 2650 Maria
714 2624 839 2660 Virgine?

57 2654 205 2688 Respondit
218 2655 365 2682 Palmatius
380 2664 385 2680 :
403 2657 498 2683 Credo.
517 2667 525 2682 ι

55 2722 72 2750 Γ
94 2690 149 2723 (17)
168 2689 269 2715 Lumen
293 2690 344 2716 hoc
372 2691 476 2717 videtur
501 2692 584 2719 tuisse
599 2693 707 2720 coelcstc
724 2699 748 2719 et
768 2694 839 2720 inso-

67 2729 144 2750 ιιιιιιι.

92 2759 147 2793 (18)
170 2758 219 2784 Ms.
247 2758 369 2785 Vlimerii
399 2770 407 2786 ι
426 2760 519 2794 viginti
549 2761 631 2788 duos:
653 2773 660 2787 ι
680 2763 736 2789 Ado
763 2772 771 2787 ‹
790 2764 837 2789 tri-

56 2792 138 2827 ginta.
158 2803 166 2819 ι
182 2793 294 2820 chsch.
312 2795 352 2820 cit.

905 215 966 233 cnm
984 206 1091 233 cuidam
1107 204 1246 239 Simplicio
1265 204 1393 235 senatori,
1411 204 1503 230 dicens
1520 212 1525 228 :
1542 201 1614 228 llabe
1626 210 1685 229 enni

905 259 985 284 penes
999 256 1022 277 te
1037 250 1095 277 sine
1112 251 1203 284 aliquo
1229 249 1324 275 timore
1347 257 1354 275 z
1370 253 1395 274 et
1412 248 1538 274 mollibus
1553 247 1687 274 sermoni-

905 297 954 323 bus
969 305 1061 323 revoca
1076 305 1137 323 enm
1157 297 1189 322 ad
1213 296 1346 322 culturam
1364 295 1491 323 deorum:
1513 293 1593 319 talem
1615 293 1688 319 enim

904 343 1041 368 hoininem
1063 342 1225 376 Respublica
1245 341 1428 368 necessarium
1454 339 1544 365 habet.
1571 339 1688 372 Accepto

904 387 1034 414 Palmatio
1046 409 1053 420 ,
1082 387 1237 422 Simplicius
1265 391 1374 413 senator
1400 385 1559 412 vestimenta
1587 384 1687 410 nobilia

903 435 981 460 allata
1007 434 1095 460 induit.
1118 442 1191 463 cnm,
1213 437 1239 459 et
1259 433 1335 459 duxit
1358 432 1384 458 ῑιι
1401 432 1511 458 domum
1533 438 1620 457 suam.
1635 430 1686 461 Qui

904 480 1060 514 Simplicius
1078 479 1204 513 praecepit
1219 478 1295 504 uxori
1310 486 1375 509 snae,
1388 482 1413 503 et
1430 476 1578 510 majoribus
1590 475 1687 501 domus

902 534 968 557 suzc,
987 529 1016 551 ιιι
1033 533 1140 552 omnem
1165 525 1275 550 domum
1299 524 1428 556 Simplicii
1447 523 1471 549 in
1487 530 1535 549 sna
1556 526 1687 556 potestate

903 572 1021 597 haberet.
1041 571 1116 597 Tune
1138 571 1284 597 l’almatius
1300 569 1412 603 jejuniis
1424 569 1631 596 ctorationibus
1651 569 1687 594 xi-

901 618 1025 651 gilarunt
1047 625 1156 649 vacans,
1171 624 1223 642 non
1239 617 1361 643 cessabat
1382 623 1443 642 cum
1458 615 1583 649 lacrymis
1603 614 1685 640 Deum

902 663 1006 689 Patrem
1017 663 1229 695 onmipotcntem
1245 669 1333 693 orare,
1346 666 1372 688 et.
1385 661 1476 687 Jesum
1492 661 1628 687 Christum
1642 660 1686 687 Fi-

901 709 964 735 lium
981 708 1050 740 ejus,
1064 712 1091 733 ιιι
1102 707 1285 741 pmnitentiam
1297 711 1387 740 ageret
1402 707 1435 733 de
1447 713 1538 732 errore
1554 713 1613 733 suo.

936 755 960 780 fi.
982 753 1096 779 Veniens
1112 758 1200 778 autem
1217 753 1323 779 adeum
1342 753 1451 786 qnidam
1469 752 1540 777 Felix
1566 751 1684 780 nomine.

901 800 978 833 cujus
994 807 1061 825 uxor
1079 799 1174 825 clinica
1190 797 1298 831 jacebat
1320 797 1398 824 annis
1421 801 1538 831 quatuor
1561 796 1586 822 in
1605 796 1683 825 lecto,

867 833 885 859 Β
901 846 974 873 misit
988 854 1017 871 se
1031 845 1063 870 ad
1081 845 1162 877 pedes
1177 844 1313 875 Palmatii‚
1325 844 1435 870 dicens:
1462 842 1609 868 (Innsessor
1631 840 1683 868 bo-

901 891 964 917 mini
983 891 1067 917 nostri
1084 890 1148 917 Jesu
1163 890 1273 921 Christi,
1284 897 1364 915 exora
1380 896 1428 923 pro
1441 888 1536 914 ancilla
1548 892 1591 913 tua
1601 894 1684 913 uxore

901 945 958 963 mea
986 937 1097 968 Blanda,
1117 941 1146 962 ut
1174 935 1302 962 liberetur
1319 935 1351 960 de
1374 935 1442 961 lecto
1469 933 1571 960 doloris
1594 937 1619 959 et
1635 941 1683 966 ego

900 982 1043 1016 percipiam
1064 982 1228 1015 baptismum
1249 988 1310 1007 cum
1325 989 1372 1012 ca3
1388 980 1450 1014 qnia
1464 979 1509 1005 diu
1530 984 1570 1005 cst
1582 1000 1589 1011 ,
1611 979 1682 1013 quod

900 1028 993 1053 morbo
1005 1027 1151 1061 paralytico
1167 1031 1274 1052 tenetur
1288 1025 1379 1058 etjam
1395 1024 1509 1052 facultas
1530 1030 1621 1050 nostra
1637 1025 1682 1050 de-

900 1072 968 1099 tecit.
987 1071 1063 1098 Tunc
1082 1071 1248 1101 palmatius,
1272 1075 1404 1104 prwsente
1427 1078 1512 1096 uxore
1532 1070 1680 1104 Simplicii,

898 1117 995 1143 cecidit
1007 1117 1032 1143 in
1045 1121 1154 1147 terram,
1171 1122 1196 1142 et
1212 1124 1272 1142 eum
1295 1115 1420 1149 lacrymis
1432 1123 1509 1141 orare
1525 1116 1606 1149 mrpit
1620 1124 1680 1142 cnm

899 1162 985 1188 Felice
999 1162 1109 1188 dicens:
1125 1162 1237 1187 ltoinine
1253 1161 1332 1191 Deus,
1349 1161 1394 1194 qni
1406 1161 1563 1187 illuminasti
1575 1170 1685 1188 servum

899 1212 985 1238 ιιιιιιιι,
1011 1207 1043 1233 da
1071 1207 1135 1233 mihi
1165 1207 1251 1232 lucem
1270 1212 1398 1232 :eternam
1417 1206 1507 1232 Jesum
1524 1207 1680 1239 Christum:

898 1252 970 1278 salva
986 1252 1109 1278 ancillam
1127 1257 1199 1278 tuam
1211 1251 1350 1280 Blandam.
1364 1252 1484 1278 etaltera
1498 1260 1557 1279 cam
1569 1253 1601 1279 dc
1615 1253 1683 1280 lecto

898 1297 1015 1323 doloris:
1034 1302 1063 1323 ιιι
1077 1302 1242 1331 cognoscant
1258 1304 1351 1323 omnes
1366 1317 1372 1328 ,
1398 1297 1462 1331 quia
1483 1302 1511 1323 tu
1531 1305 1560 1323 es
1577 1302 1683 1324 creator

898 1343 1018 1369 omnium
1033 1351 1134 1369 rerum.
1151 1343 1248 1369 Eadem
1270 1343 1336 1368 hora
1357 1343 1429 1369 venit
1451 1343 1551 1369 Blanda
1569 1344 1683 1377 pedibus

899 1389 956 1415 suis
972 1396 1084 1415 currens
1107 1389 1139 1415 ad
1162 1389 1272 1415 dommn
1296 1388 1427 1421 Simplicii
1448 1389 1581 1415 senatoris
1603 1394 1628 1415 ct
1642 1389 1682 1416 di-

899 1442 978 1460 cens:
994 1434 1102 1468 Baptiza
1127 1442 1168 1460 me
1190 1435 1217 1460 in
1235 1433 1343 1459 nominc
1362 1433 1467 1460 Domini
1486 1433 1549 1460 Jesu
1569 1435 1681 1466 Christi,

898 1481 943 1513 qni
959 1481 1046 1506 tenuit
1063 1488 1172 1505 manum
1189 1488 1275 1505 meam
1289 1483 1315 1505 et
1327 1479 1432 1505 sanavit
1444 1487 1495 1506 me.
1511 1479 1586 1506 Tunc
1608 1480 1681 1506 Felix

899 1526 978 1559 coepit
990 1533 1085 1559 urgere
1103 1524 1132 1550 B.
1148 1524 1308 1551 Palmatium
1327 1529 1355 1551 ut
1374 1525 1565 1558 baptizaretur.
1582 1524 1680 1551 Eadem

899 1571 963 1597 hora
981 1571 1010 1596 B.
1024 1570 1174 1597 Palmatius
1189 1571 1263 1597 misit
1277 1571 1309 1597 ad
1323 1571 1350 1597 S.
1363 1571 1496 1597 Calixtum
1511 1571 1679 1606 episcopum:

897 1621 923 1642 et
935 1617 1044 1643 veniens
1054 1616 1200 1650 baptizavit
1213 1616 1328 1643 Felicem
1341 1625 1402 1644 cum
1412 1625 1497 1644 uxore
1509 1624 1557 1643 sua
1569 1618 1678 1644 Blanda.

900 1662 998 1689 Videas
1018 1663 1068 1688 hoc
1080 1661 1247 1695 Simplicius,
1269 1663 1366 1689 cecidit
1379 1663 1412 1689 ad
1427 1663 1507 1697 pedes
1523 1664 1618 1690 Calixti
1640 1664 1681 1690 di-

898 1717 970 1739 eens,
989 1713 1017 1734 ut
1030 1715 1091 1734 cnm
1109 1707 1182 1733 omni
1198 1708 1278 1733 domo
1292 1716 1340 1734 sna
1355 1709 1545 1742 baptizaretur.
1560 1708 1634 1734 Tunc
1649 1708 1678 1736 B.

897 1754 1018 1779 tlalixtus
1035 1753 1177 1786 episcopus
1194 1753 1445 1780 lidueialiterdixit:
1463 1754 1614 1789 Congreget
1628 1754 1680 1781 Do-

898 1798 987 1824 minus
1005 1798 1123 1824 tritieum
1141 1797 1166 1823 in
1185 1798 1311 1824 horreum
1329 1807 1408 1825 sunm
1424 1800 1490 1833 (Ἦ),
1514 1805 1540 1826 et
1559 1800 1680 1826 catechi-

897 1844 966 1869 zavit
978 1851 1084 1870 omnem
1098 1843 1207 1870 domum
1225 1844 1368 1878 Simplicii,
1385 1849 1411 1871 et
1435 1852 1547 1871 uxorem
1563 1850 1589 1871 et
1609 1845 1680 1872 tilios

895 1893 920 1914 et
940 1888 1069 1915 familiam
1084 1888 1154 1922 ejus,
1179 1890 1284 1916 animas
1302 1891 1447 1924 promiscui
1465 1899 1545 1918 sexus
1566 1891 1620 1917 sere
1637 1899 1680 1918 se-

896 1934 1003 1967 xaginta
1019 1938 1090 1961 octo.
1105 1933 1134 1960 B.
1155 1934 1316 1968 Calepodius
1333 1936 1472 1970 presbyter
1484 1937 1679 1971 gaudioreple-

896 1983 949 2009 tus,
963 1978 1045 2012 coepit
1061 1979 1177 2005 clamare
1190 1979 1216 2004 in
1233 1979 1314 2006 domo
1328 1979 1470 2014 Simplicii,
1490 1981 1594 2007 dicens:
1614 1981 1677 2007 Glo-

895 2024 1001 2054 riatibi,
1018 2023 1130 2050 Domine
1144 2023 1208 2050 Jcsu
1220 2024 1338 2056 Christe,
1354 2026 1399 2059 qui
1411 2026 1443 2052 de
1452 2027 1570 2054 tenebris
1584 2027 1678 2061 digna-

894 2069 931 2094 ris
943 2069 974 2095 ad
990 2069 1076 2095 lucem
1094 2069 1241 2102 perducere
1253 2070 1386 2096 facturam
1403 2076 1488 2103 tuam,
1504 2077 1530 2098 et
1545 2073 1577 2098 dc
1585 2080 1678 2098 errore

894 2118 1017 2145 liberare.
1040 2119 1095 2146 lloe
1123 2120 1237 2147 audiens
1251 2120 1414 2150 Alexander,
1445 2120 1508 2153 quia
1534 2118 1677 2144 multitudo

858 2171 878 2197 D
895 2163 1034 2190 hominum
1060 2165 1224 2198 baptismum
1242 2167 1407 2199 percepisset
1422 2174 1469 2199 per
1492 2165 1520 2190 B.
1540 2165 1677 2190 Calixtum

893 2208 1060 2242 epIscopum.
1075 2210 1149 2236 misit
1165 2211 1315 2236 exercitum
1329 2211 1456 2241 militum,
1473 2218 1504 2235 ac
1522 2210 1607 2236 tenuit
1619 2217 1678 2236 om—

892 2261 938 2279 nes
954 2254 998 2287 qni
1014 2254 1176 2287 baptismum
1194 2259 1379 2288 perceperant,
1401 2263 1469 2289 qnos
1484 2255 1610 2288 pra-cepit
1629 2262 1676 2280 ca-

891 2299 953 2332 pitis
970 2299 1060 2325 subire
1074 2300 1245 2331 sententiam,
1258 2305 1284 2326 et
1303 2308 1350 2333 per
1361 2301 1484 2326 diversas
1497 2304 1588 2333 portas
1601 2300 1676 2325 urbis

892 2343 983 2370 Romae
1000 2345 1085 2378 capita
1101 2352 1195 2371 eorum
1210 2345 1348 2378 suspendi,
1367 2344 1399 2370 ad
1415 2345 1567 2377 exemplum
1596 2343 1676 2369 Chri-

891 2389 1050 2415 stianornm.

927 2452 982 2485 (19)
998 2453 1036 2478 Ad
1053 2453 1170 2479 radicem
1191 2453 1313 2487 Capitolii
1338 2459 1376 2479 cst
1395 2454 1471 2479 locus
1485 2473 1491 2483 ,
1516 2451 1674 2477 nobilitatus

890 2487 1007 2513 vinculis
1022 2487 1150 2513 SS.Pctri
1166 2494 1191 2513 et
1206 2487 1280 2514 Pauli
1293 2493 1319 2514 et
1332 2489 1446 2514 aliorum
1461 2491 1621 2520 martyrum,
1637 2487 1673 2512 uti

891 2522 989 2555 saepius
1010 2522 1138 2548 diximus.
1158 2522 1269 2547 Hensch.
1283 2523 1328 2548 cit.

926 2557 982 2589 (ΞΟ)
1001 2556 1066 2582 Vide
1081 2557 1149 2582 infra
1168 2562 1222 2582 not.
1244 2557 1288 2582 22.

927 2591 981 2623 4:21)
1001 2591 1081 2624 Atqui
1098 2591 1235 2617 Christum
1252 2591 1321 2616 inter
1342 2590 1406 2617 deos
1421 2591 1502 2616 coluit
1521 2589 1672 2616 Alexander

892 2626 966 2658 ipse:
987 2633 1039 2650 non
1068 2626 1148 2659 igitur
1173 2626 1318 2651 amentiam
1338 2625 1469 2652 Palmati«)
1492 2625 1673 2658 exprobrarit,

892 2668 939 2685 nec
955 2660 989 2685 ita
1002 2660 1176 2692 contemptim
1196 2660 1229 2685 de
1245 2660 1352 2686 Christo
1370 2660 1477 2686 locutus
1494 2659 1584 2685 fuerit.

927 2694 982 2726 (222)
1009 2693 1093 2719 Verba
1112 2695 1166 2719 lnec
1179 2714 1185 2724 ,
1204 2694 1264 2719 licet
1290 2694 1315 2719 in
1338 2694 1366 2720 S.
1383 2695 1486 2721 Callisti
1505 2695 1591 2721 ollicio
1608 2695 1672 2721 olim

892 2730 1014 2758 recitata,
1028 2736 1058 2753 ex
1077 2728 1135 2760 ejus
1155 2729 1227 2754 Actis
1247 2729 1315 2753 sumi
1341 2734 1467 2762 p‹›tucre;
1498 2737 1546 2755 uec
1565 2737 1595 2754 ex
1614 2731 1671 2762 ej'us

892 2771 938 2787 ore
955 2763 1040 2795 magis
1061 2762 1175 2788 fortasse
1194 2764 1388 2795 processerint.
1416 2772 1496 2798 qnam
1523 2772 1553 2791 ea
1574 2772 1607 2790 cx
1627 2771 1671 2791 oie

892 2797 1048 2828 Alexandri,
1061 2797 1093 2823 de
1108 2798 1206 2831 quibus
1220 2798 1299 2831 paulo
1314 2804 1382 2824 ante.
1569 2796 1571 2799 “
