1861 3018
164 152 213 179 '507

600 154 626 179 S.
649 152 826 179 llil‘I‘OLYTl
844 153 918 178 om‘.
940 152 1029 178 PARS
1049 153 1068 178 1.
1086 167 1119 171 —
1134 153 1338 181 EXEGETtCA.

1731 159 1782 186 7o8

162 220 229 246 pora
255 213 380 243 Patrnm.
403 214 497 240 Adami
509 234 516 244 ,
534 213 607 240 Sctlii
621 235 627 245 ‚
654 214 772 245 Enoslii,
798 213 944 244 Kairianis.
961 216 983 241 A
998 213 1069 246 pisse
1083 212 1203 245 Noaebo,
1218 219 1248 241 ut
1263 215 1356 242 ordine
1379 216 1534 250 disponeret
1556 216 1655 244 bestias
1681 217 1782 245 remees

162 258 355 291 Malialalielis,
377 259 478 290 Jaredi,
497 259 704 289 Marinusatachi,
728 259 865 285 Lamccbi.
882 260 949 286 Orto

162 304 207 331 illa
223 313 337 339 corpora
355 311 430 331 erant
447 306 472 331 in
490 305 643 331 conditorio
661 305 861 333 thesaurorum,
875 306 949 330 vide-

161 350 225 377 licet
242 351 346 380 Adami„
367 351 452 378 Setbi.
471 350 582 381 t-:n‹›shi‚
602 350 741 382 liainanis,
762 350 948 383 Mahalalielis,

160 394 263 426 Jaredi,
277 395 485 425 Matlmsalzwbi,
500 394 637 420 Lameclii.

197 441 271 468 Tulit
298 447 386 468 autem
409 441 484 468 Noab
510 448 609 473 eorpus
632 440 739 466 Adami.
764 439 949 474 Tulei-iniitque

161 489 208 514 tilii
225 489 284 521 ejus
301 495 422 513 munera.
439 486 567 512 Portabat
583 486 644 512 Sem
660 494 768 516 aurum,
782 486 866 512 Cbam
880 495 949 521 myr-

161 535 250 563 rham.
263 533 377 567 ,iapheth
398 533 470 558 tlms.
491 532 592 559 Deinde
609 532 709 565 egressi
724 539 739 557 e
755 540 869 558 caverna
891 533 949 558 tlic-

161 588 318 607 saurormn.
332 578 530 605 transtulerunt
552 586 665 605 munera
687 582 713 604 et
732 585 830 612 corpus
852 578 948 604 Adami

161 626 186 651 ln
203 631 320 652 {tlonlffltt
334 630 466 651 Sanctum.

196 673 319 704 Cumque
336 670 553 704 sedissentjuxta
569 677 668 703 corpus
681 670 774 696 Adami
787 677 818 696 ex
833 670 947 696 adverso

160 718 289 750 paradisi,
305 722 447 751 coeperunt
468 717 606 744 lamentari
625 722 651 744 et
672 717 735 743 ssere
747 717 880 751 jacturam
899 726 947 751 pa-

160 764 256 789 radi-i.
290 772 292 775 ·

195 808 264 835 Tum
282 809 477 835 descendenti—s
498 809 529 834 de
549 814 641 835 monte
661 814 756 835 sancto
779 809 948 843 sublatisque

159 855 246 880 oeulis
273 862 366 880 versus
391 854 546 888 paradisum
572 853 790 886 redintegrarunt
811 852 902 879 fletum
922 856 947 878 et

159 899 302 932 ejulatum,
319 904 449 925 :eternum
463 899 522 924 vale
538 897 666 923 dixerunt
690 897 732 923 liis
752 897 859 924 verbis:
883 896 947 923 Vale

159 946 223 978 (pax
236 944 304 977 tibi),
314 944 461 978 opat-adise
473 943 530 970 Dei.
543 943 616 973 Vale,
631 950 647 969 ο
659 942 825 969 domicilium
840 943 947 977 religio-

159 991 202 1017 nis
210 996 235 1016 et
248 991 383 1024 puritatis.
395 990 469 1021 Vale,
479 997 494 1015 o
506 990 582 1016 sedes
591 989 734 1023 voluptatis
743 993 768 1015 et
778 989 945 1016 deliciarum.

196 1036 265 1062 Tum
284 1036 401 1070 amplexi
417 1040 480 1061 sunt
497 1035 598 1068 lapides
615 1035 715 1062 montis
728 1035 814 1061 sancti
828 1040 854 1061 et
869 1035 948 1061 arbo-

158 1089 212 1112 res,
227 1082 413 1115 fleveruntque
433 1086 459 1108 et
481 1081 628 1108 dixerunt:
646 1081 722 1112 Vale,
743 1089 758 1107 ο
778 1081 945 1108 domicilium

159 1128 304 1153 bonorum.
326 1127 398 1157 Vale,
415 1135 431 1153 o
448 1127 553 1153 mansio
566 1135 710 1161 corporum
725 1132 892 1154 sanctorum.

194 1172 296 1199 Deinde
322 1173 411 1199 triduo
437 1173 586 1207 completo,
605 1173 744 1200 deseendit.
766 1172 861 1204 Noab,
884 1180 945 1199 cum

158 1218 221 1244 siliis
241 1218 298 1244 suis
316 1224 342 1244 et
364 1219 495 1245 uxoribus
518 1225 643 1246 natorum
668 1227 779 1246 suorum
801 1219 834 1246 de
855 1224 946 1246 monte

158 1268 253 1290 sancto
271 1263 302 1289 ad
326 1263 431 1290 radices
453 1264 554 1290 montis
576 1264 662 1291 sancti
686 1264 718 1290 ad
741 1264 830 1291 locum
855 1265 944 1291 navis.

160 1309 222 1335 Erat
242 1311 314 1335 enim
330 1310 416 1344 (arca)
430 1310 481 1336 sub
496 1310 677 1344 prominentia
700 1308 822 1344 (l'abri)‘
844 1311 945 1336 montis

158 1355 256 1382 sancti.
611 1349 614 1352 ”

193 1401 226 1427 Et
249 1402 387 1435 ingressus
410 1405 451 1427 cst
475 1400 551 1427 Noali
578 1402 605 1428 in
630 1409 741 1433 navemn
767 1401 944 1435 deposuitque

157 1454 256 1480 eorpus
284 1446 380 1473 Adami
403 1451 430 1473 et
451 1455 567 1474 munera
588 1447 615 1473 in
640 1447 730 1473 medio
756 1447 833 1473 navis
863 1455 944 1480 super

158 1492 258 1518 feretro
278 1492 378 1527 ligneo,
399 1494 473 1527 quod
495 1494 651 1528 recipiendo
674 1494 781 1527 corpori
809 1501 944 1528 praepara-

156 1543 243 1564 verat.

191 1583 393 1617 Admonuitque
421 1584 490 1611 Deus
512 1584 652 1611 Noaehum
674 1585 767 1612 dicens
787 1594 793 1611 z
816 1585 871 1611 Fac
895 1585 942 1612 tibi

156 1632 320 1664 crepitacula
337 1640 351 1657 e
365 1632 437 1666 ligno
458 1632 522 1659 buxi
540 1633 590 1665 (vel
604 1633 747 1667 cupressi).
762 1637 879 1661 ἾΝῗΒῖΞὶἶ]
895 1640 944 1658 au-

157 1680 209 1701 tem
226 1681 265 1702 est
284 1676 385 1710 lignum
408 1677 509 1704 dictum
528 1677 680 1712 Sagli,i.e.
699 1678 824 1711 platanus
841 1677 942 1704 Indica.

193 1720 307 1747 Fabrica
324 1721 405 1748 ctiam
423 1722 576 1749 malleolum
592 1723 649 1756 ejus
662 1722 894 1758 (tintinnabulum)
910 1731 943 1750 ex

156 1767 251 1793 eodem
278 1768 406 1802 (liguo).v
423 1767 575 1802 Longitudo
595 1774 684 1796 autem
710 1770 867 1804 crepitaculi
893 1771 944 1797 erit

157 1813 240 1839 trium
261 1814 414 1840 cubitorum
433 1814 598 1849 integrorum
615 1820 642 1842 et
657 1815 773 1843 latitudo
788 1817 847 1851 ejus
862 1818 943 1845 unius

156 1859 240 1885 cubiti
258 1866 320 1886 cum
339 1860 461 1886 dimidio.

194 1904 223 1931 Et
242 1907 367 1939 pmcn-pit
388 1907 411 1932 ci
433 1906 513 1935 Deus,
530 1911 560 1933 ut
577 1907 696 1941 pulsaret
712 1909 875 1944 crepitacula
897 1917 944 1944 per

156 1950 278 1985 singulos
301 1952 358 1978 dies
381 1953 468 1980 tribus
490 1953 603 1980 vicibus.
626 1953 755 1982 Videlicet
778 1956 863 1990 prima
886 1957 943 1983 vice

156 2004 264 2023 summo
282 1997 418 2030 diluculo3
441 1999 557 2025 secunda
574 1999 642 2030 viee,
665 1999 691 2026 in
714 2001 803 2028 medio
826 2002 894 2033 diei;
917 2006 943 2028 et

154 2043 233 2068 tertia
254 2043 312 2069 rice
329 2044 360 2069 ad
377 2051 502 2070 occasum
519 2045 594 2071 solis.

190 2087 294 2114 Accidit
309 2093 409 2121 autem,
425 2090 516 2116 statim
539 2095 619 2124 atque
638 2091 773 2125 pulsasset
790 2091 866 2119 Noah
884 2101 943 2119 cre-

155 2134 284 2167 pitacula,
301 2139 329 2160 ut
346 2135 469 2168 protinus
486 2142 660 2163 accurrerent
675 2138 720 2163 tilii
744 2136 836 2165 Cainis
854 2143 880 2165 ct
895 2139 942 2166 lilii

155 2177 262 2204 Vahimi
280 2179 310 2205 ad
327 2180 431 2213 ipsum:
448 2189 516 2214 quos
528 2181 668 2209 admonuit
683 2187 709 2209 et
721 2184 864 2217 perterruit
878 2191 942 2210 nar-

1001 259 1027 285 in
1045 259 1246 294 contignatione
1263 262 1319 288 sive
1332 262 1450 289 tabulato
1465 263 1600 295 inferiore,
1613 268 1637 290 ct
1652 265 1783 292 divideret

999 313 1088 332 mares
1105 314 1119 332 a
1137 305 1260 338 lcmeffls,
1273 308 1411 335 asseribus
1425 309 1522 343 ligneis
1536 311 1712 344 interpositis.

1035 349 1123 384 Atque
1146 351 1182 377 ita
1204 352 1267 379 fecit
1286 354 1411 381 omnibus
1427 355 1519 382 bestiis
1534 356 1618 390 (seris)
1633 356 1781 390 jmnentis;

999 401 1026 422 ct
1041 396 1121 422 etiam
1138 397 1294 425 volucribus
1306 399 1332 424 in
1346 400 1465 426 tabulato
1480 401 1578 427 medio.

1033 440 1120 467 Jussit
1139 447 1227 468 antem
1246 443 1338 478 (Dens)
1355 445 1390 470 ita
1407 447 1525 479 separari
1544 454 1632 472 mares
1645 454 1657 472 a
1674 446 1781 474 seminis

999 484 1127 512 decentiae
1140 491 1167 513 et
1183 487 1331 516 honestatis
1343 497 1435 522 causa,
1451 499 1484 517 ne
1501 492 1603 518 scilicet
1621 493 1781 519 commisee-

999 537 1092 556 rentur
1109 531 1268 558 adinvicem.

1037 575 1107 602 Dixit
1122 585 1202 610 porro
1217 577 1286 604 Deus
1298 577 1363 604 Mosi
1377 588 1383 604 z
1399 578 1511 606 Provide
1535 581 1635 607 cibaria
1657 581 1702 607 tibi
1729 579 1781 614 ipsi

998 626 1025 648 ct
1041 623 1109 650 natis
1124 623 1186 649 tuis.
1201 623 1232 649 Et
1247 624 1299 650 siut
1312 632 1343 650 ex
1358 624 1447 651 tritico
1458 626 1562 657 molito,
1575 627 1653 660 pisto,
1668 627 1780 653 subacto

999 676 1079 702 aqua,
1095 668 1240 694 exsiecato.
1263 668 1295 693 tii
1310 668 1392 702 jussit
1412 669 1483 696 illico
1496 669 1585 696 Noaeb
1602 671 1709 704 conjugi
1725 680 1780 698 sua:

998 717 1025 739 ct
1041 713 1171 738 uxoribus
1190 714 1306 739 tiliorum
1325 721 1448 746 suorum,
1468 718 1496 740 ut
1516 719 1622 741 strenue
1643 716 1781 742 incumbe-

998 764 1058 785 rent
1079 759 1227 793 subigendo
1251 768 1368 786 massam
1392 766 1418 787 et
1440 761 1616 787 reconderent
1638 762 1663 787 in
1690 760 1778 788 sorno.

1000 805 1167 837 Subegerunt
1196 814 1260 839 ergo
1290 814 1426 838 massam,
1451 811 1478 832 et
1506 807 1667 841 pinsnernnt
1697 807 1780 835 ferme

999 856 1129 885 quantum
1156 851 1221 885 ipsis
1243 852 1390 883 sufficeret,
1415 852 1481 879 adeo
1503 857 1532 879 ut
1553 861 1604 879 non
1629 858 1781 880 remaneret

964 889 983 918 Β
999 897 1050 923 nisi
1065 904 1220 930 perparum.

1034 943 1066 969 Et
1083 943 1223 969 admonuit
1237 942 1306 969 Deus
1322 941 1460 969 Noaclmm
1478 943 1570 970 (licens
1587 944 1611 970 ci
1625 953 1632 970 t
1650 943 1780 978 Quisquis

998 989 1200 1015 annuntiaverit
1214 988 1261 1015 tibi
1277 988 1310 1015 de
1322 989 1437 1015 adventu
1452 989 1542 1016 diluvii
1557 990 1670 1024 primus,
1685 990 1779 1021 perdes

999 1037 1071 1063 illum
1088 1037 1146 1071 ipso
1164 1041 1309 1062 momento.
1327 1035 1429 1062 interca
1441 1043 1505 1061 vero
1518 1044 1586 1062 uxor
1599 1036 1693 1062 Chami
1707 1041 1780 1062 asta-

998 1082 1043 1108 bat
1066 1082 1222 1108 iminissura
1244 1089 1340 1115 panem
1366 1083 1482 1114 ingentis
1499 1082 1579 1109 molis
1604 1082 1630 1108 iu
1656 1082 1778 1108 furnum.

998 1126 1030 1153 Et
1047 1128 1137 1154 subito
1155 1128 1281 1162 profluxit
1299 1135 1367 1160 aqua
1382 1136 1396 1154 e
1413 1128 1491 1154 furno
1509 1128 1582 1160 iuxta
1596 1128 1706 1154 verbum
1725 1127 1778 1153 Do-

997 1174 1073 1205 mini,
1086 1178 1111 1200 et
1124 1173 1284 1208 penetravit,
1296 1173 1420 1199 dissolvit
1435 1174 1570 1207 scaturigo
1582 1182 1658 1207 aqum
1671 1182 1777 1207 panem.

996 1220 1165 1247 Exclamavit
1183 1221 1273 1254 itaque
1291 1228 1358 1246 uxor
1378 1220 1462 1246 Uliam
1482 1220 1513 1245 ad
1532 1219 1671 1245 lN‘oactium
1686 1220 1778 1246 dicens

996 1267 1019 1293 ci
1030 1265 1066 1293 :O
1077 1267 1195 1298 domine,
1206 1269 1274 1295 venit
1283 1267 1393 1294 verbum
1404 1266 1462 1298 Dei,
1473 1266 1540 1292 venit
1555 1266 1620 1292 illud
1637 1266 1704 1300 quod
1719 1275 1779 1300 pro-

997 1313 1068 1338 misit
1081 1312 1224 1347 (proedixit)
1235 1312 1313 1340 Deus.
1325 1312 1477 1346 Exsequerc
1491 1312 1572 1345 igitur
1586 1311 1611 1338 id
1627 1313 1696 1346 quod
1710 1320 1779 1346 pra·-

996 1358 1066 1392 cepit
1080 1358 1220 1385 Dominus.

1031 1402 1154 1437 Cumque
1166 1402 1397 1430 audivissetNoali
1411 1402 1490 1429 verba
1503 1402 1595 1429 uxoris
1604 1402 1699 1434 Cbam,
1710 1403 1777 1429 dixit

995 1450 1018 1475 ei
1035 1459 1040 1476 :
1060 1448 1118 1475 Jam
1134 1456 1197 1483 ergo
1211 1450 1285 1476 venit
1302 1448 1446 1475 diluvium?
1461 1448 1533 1475 Dixit
1547 1449 1570 1474 ei
1586 1456 1654 1474 uxor
1672 1448 1754 1475 Citam
1769 1458 1776 1475 ι

996 1495 1035 1521 Tu
1053 1495 1145 1522 dixisti
1161 1495 1222 1521 boc.

957 1557 978 1585 C
1029 1541 1177 1568 Admonuit
1191 1546 1278 1567 autem
1295 1540 1425 1568 Dominus
1438 1540 1582 1574 derepente
1600 1540 1691 1566 dicens
1705 1539 1777 1566 Nea-

995 1588 1056 1618 cbo,
1074 1586 1117 1613 Ne
1140 1587 1238 1621 perdas
1260 1594 1372 1613 uxorem
1389 1586 1499 1616 Cbami:
1525 1593 1586 1611 nam
1604 1585 1637 1611 ab
1662 1593 1708 1611 ore
1732 1590 1778 1611 tuo

995 1633 1076 1666 coepit
1091 1632 1204 1665 perditio
1222 1631 1337 1665 (primus
1354 1631 1445 1658 dixisti
1460 1640 1466 1657 ι
1482 1630 1562 1657 Venit
1573 1630 1724 1665 diluvium).
1738 1631 1777 1657 Ad

997 1686 1091 1705 rocem
1115 1677 1217 1704 Noaclii
1233 1677 1308 1703 xeuit
1329 1677 1469 1707 diluvium,
1487 1681 1513 1702 et
1535 1676 1623 1702 subito
1643 1676 1778 1710 scaturigo

995 1723 1119 1750 dissolvit
1132 1723 1205 1749 illum
1221 1731 1327 1757 panem.

1031 1768 1063 1795 Ει
1082 1773 1182 1802 aperta:
1201 1773 1265 1795 suut
1289 1772 1429 1795 cataractae
1451 1767 1521 1799 coeti,
1542 1771 1568 1794 et
1588 1774 1664 1801 aqum
1681 1767 1778 1800 pluvia»,

995 1815 1155 1850 ingruerunt
1172 1823 1253 1849 super
1266 1819 1375 1841 terram.
1391 1813 1491 1848 Nempe
1508 1814 1552 1840 illa
1566 1822 1626 1845 vox,
1639 1821 1699 1848 qum
1714 1814 1776 1839 olim

994 1861 1120 1887 dixerat:
1140 1861 1334 1895 Gortyn-effemin-
1345 1868 1419 1894 aquoe
1431 1861 1456 1886 in
1472 1860 1556 1886 locum
1568 1868 1646 1886 unum
1658 1865 1680 1886 et
1697 1868 1777 1894 apim-

994 1911 1049 1933 rcat
1078 1912 1147 1933 terra
1161 1907 1193 1939 ¹⁸,
1210 1907 1302 1934 eadem
1321 1914 1372 1933 vox
1400 1907 1536 1941 permisit,
1558 1911 1587 1933 ut
1609 1910 1704 1940 sponte
1728 1913 1776 1932 sua

995 1958 1150 1988 erumperet
1164 1954 1301 1988 scaturigo
1319 1961 1449 1988 aquarum
1476 1959 1502 1980 et
1518 1953 1606 1980 fluxus
1619 1953 1733 1980 mat-ium
1750 1957 1777 1979 et

993 2000 1086 2027 eduxit
1101 2007 1196 2034 aquas.

1029 2047 1156 2082 Recogita
1172 2046 1236 2080 quid
1252 2046 1348 2072 dixerit
1363 2045 1433 2072 Deus
1447 2045 1479 2072 de
1492 2045 1591 2071 mundo
1606 2053 1612 2070 :
1627 2043 1775 2070 llumilien-

994 2097 1038 2118 tur
1055 2093 1145 2118 onmia
1163 2092 1267 2119 excelsa
1289 2091 1358 2125 ejus,
1374 2096 1400 2117 et
1416 2091 1554 2117 humiliata
1568 2094 1648 2122 sunt;
1670 2095 1696 2116 et
1718 2090 1774 2116 ele-

992 2144 1091 2166 ventur
1108 2138 1220 2165 humilia
1234 2138 1292 2171 eius
1306 2137 1338 2163 de
1351 2135 1491 2170 profundis
1508 2136 1602 2169 ipsius.

1028 2185 1061 2212 Et
1087 2185 1155 2211 sacta
1175 2184 1226 2210 tuit
1250 2187 1321 2208 terra
1344 2189 1428 2208 vacua
1451 2181 1555 2215 privata
1579 2180 1689 2207 entibus
1712 2182 1770 2208 suis

155 2223 242 2250 rando
264 2225 297 2250 de
313 2225 428 2251 adventu
448 2227 571 2259 proximo
594 2228 702 2260 diluvii,
728 2233 754 2255 et
773 2229 806 2256 de
830 2230 939 2257 interitu
957 2228 979 2256 D
993 2230 1219 2265 quemadmodum
1233 2227 1386 2254 eratinitio.

153 2270 264 2305 jamjam
281 2270 424 2297 festinante
438 2277 463 2298 et
480 2272 645 2299 imminente.

190 2316 226 2342 Ea
243 2324 306 2342 vero
322 2317 373 2342 suit
392 2318 574 2344 misericordia
593 2319 638 2345 Dei
656 2327 718 2353 erga
741 2320 810 2351 illos,
829 2325 858 2347 ut
872 2330 938 2347 con-

155 2366 325 2388 verterentur
340 2368 366 2389 et
379 2364 578 2397 resipiscerent;
594 2367 640 2390 scd
657 2373 709 2391 non
730 2373 832 2392 rnorem
849 2374 940 2400 gesse-

155 2413 219 2434 runt
236 2409 280 2434 tilii
296 2409 388 2436 (lainis
404 2408 525 2440 Noaebo,
548 2410 573 2435 in
598 2417 630 2436 co
647 2410 719 2444 quod
739 2411 791 2437 illis
808 2412 938 2445 pradica-

155 2453 209 2479 l›at.
235 2453 266 2479 Et
288 2454 462 2488 congregavit
482 2453 557 2481 Noali
580 2461 612 2480 ex
633 2454 760 2481 omnibus
782 2455 938 2482 volucribus

153 2497 243 2523 munis
260 2500 365 2531 generis
383 2498 455 2531 paria
478 2506 566 2524 mares
587 2503 613 2525 et
636 2499 770 2531 femellas;
795 2505 875 2534 atque
901 2501 937 2527 ita

152 2543 236 2568 etiam
255 2551 287 2569 ex
304 2543 430 2570 omnibus
448 2544 551 2576 bestiis,
574 2549 628 2571 tam
650 2545 777 2572 cicuratis
795 2554 875 2580 quam
892 2547 939 2573 sil-

151 2588 301 2619 vestribus,
316 2589 390 2622 paria
407 2593 431 2615 et
448 2589 534 2622 paria.

452 2645 572 2673 SECTlO
597 2647 641 2674 IV.

366 2692 407 2718 Ad
425 2692 516 2719 Genes.
531 2701 587 2726 cap.
604 2702 650 2723 vii,
665 2702 687 2720 tv.
703 2695 729 2720 6.

191 2736 262 2763 Dixit
277 2737 435 2772 Hippolytus
450 2740 587 2773 expositor
603 2739 686 2774 Syrus
704 2739 821 2777 Targum
837 2752 842 2767 2
863 2740 937 2767 Inve-

156 2782 246 2809 nimus
260 2783 286 2809 in
304 2785 447 2818 exemplari
467 2785 578 2820 antiquo
594 2785 716 2820 llebraeo,
732 2785 815 2814 Deum
837 2794 937 2821 pra‘ec-

192 2854 212 2868 ¹⁸
232 2853 297 2880 Gen.
316 2863 334 2886 i,
355 2856 380 2881 9.

1028 2277 1059 2303 Et
1074 2276 1181 2310 quidem
1195 2275 1284 2308 pluxia
1301 2274 1480 2300 descendebat
1495 2274 1648 2307 desursum,
1663 2278 1689 2300 et
1704 2278 1736 2300 tei
1746 2283 1773 2300 ra

991 2321 1150 2355 erumpebat
1168 2321 1306 2347 deorsum.
1325 2319 1357 2346 Ei
1374 2321 1453 2353 periit
1476 2320 1638 2354 compositio
1664 2321 1771 2350 mundi.

992 2368 1122 2401 abruptus
1147 2366 1196 2392 suit
1217 2366 1283 2391 ordo
1306 2365 1348 2390 ille
1372 2365 1535 2399 primitivus.
1561 2365 1712 2399 Fattnsque
1733 2370 1774 2391 cst

993 2412 1120 2442 mundus.
1135 2411 1222 2445 qualis
1242 2414 1299 2436 erat
1322 2410 1355 2436 ab
1377 2410 1453 2436 initio
1470 2410 1608 2436 desolatus
1631 2411 1664 2437 ab
1686 2412 1775 2444 aquis.

992 2466 1052 2492 quae
1077 2457 1151 2483 illum
1175 2455 1384 2482 inumlarerunt.
1409 2454 1500 2489 Neque
1519 2456 1640 2481 relictum
1666 2455 1716 2481 suit
1743 2464 1774 2481 vx

993 2504 1051 2537 ejus
1065 2503 1173 2529 entibus
1190 2503 1340 2536 quidquam
1355 2501 1380 2527 in
1399 2501 1551 2535 integritate
1568 2509 1627 2528 sua.

1028 2549 1204 2575 Pcssumdata
1224 2548 1274 2574 suit
1288 2552 1422 2574 structura
1439 2548 1522 2581 prior,
1537 2552 1562 2573 et
1576 2547 1705 2573 deformis
1725 2546 1776 2573 suit

994 2600 1065 2621 terra
1081 2594 1162 2619 ssuetu
1179 2601 1311 2627 aquarum
1337 2593 1517 2627 ingruentium
1542 2600 1622 2626 super
1643 2593 1726 2623 illam,
1750 2598 1775 2618 ιι

995 2639 1181 2673 magnitudine
1197 2638 1404 2665 inundationum
1418 2638 1486 2672 ejus,
1500 2642 1525 2665 et
1539 2637 1710 2664 multitudine
1724 2637 1774 2663 im-

993 2685 1093 2717 brium,
1106 2690 1132 2711 et
1151 2685 1292 2719 eruptione
1312 2685 1471 2719 abyssorum
1491 2685 1560 2718 ejus,
1580 2683 1657 2718 aquis
1676 2690 1772 2716 pcipe-

993 2737 1040 2757 tuo
1061 2731 1274 2766 erumpentibus.
1297 2732 1416 2766 Denique
1435 2731 1526 2758 relicta
1546 2730 1595 2756 su.t
1612 2729 1699 2763 qualis
1713 2735 1773 2755 erat

993 2782 1081 2804 antea.
