1861 3018
166 57 230 82 {571
740 52 767 77 S.
791 50 939 76 TllbONAE

165 121 245 141 reso-r
259 115 300 148 qni
323 115 349 139 in
372 114 440 139 cerlis
464 118 500 138 est
522 112 591 137 Deus
611 113 637 140 ¹;
662 110 732 144 quod
757 110 829 135 velut
849 109 942 142 prseci-

164 168 246 193 puum
265 168 279 186 a
303 160 379 185 nobis
407 166 455 192 pro
478 159 563 184 salute
585 161 686 185 nostra,
711 155 731 181 si
749 154 894 180 Christiani
912 162 940 178 re

163 206 251 239 potius
266 213 345 239 quam
370 205 458 230 verbis
475 211 533 229 esse
550 202 690 235 cupimus.
712 200 884 234 qurerenduni
906 204 942 224 at-

163 259 216 285 que
230 251 407 284 exoptandum
423 255 473 275 est.
490 249 555 274 Nam
573 248 593 273 si
612 247 723 280 gloriam
737 249 855 270 nostram
870 252 942 278 (pne-

163 297 260 325 rimus„
278 304 333 321 rem
348 303 444 321 ranam
464 295 647 325 caducamque
661 291 820 324 appetimus=
841 295 867 315 et
882 298 941 323 (pize

164 350 213 367 uos
234 343 305 375 ipsos
321 341 353 366 ad
376 344 488 366 mortem
506 338 627 371 perducit
645 346 651 362 :
672 341 698 362 at
715 337 797 369 gloria
814 335 901 362 Patris
916 340 942 361 et

165 386 222 411 Filii
242 386 286 419 qui
311 392 359 418 pro
386 385 470 409 salute
485 387 575 408 nostra
599 381 672 408 eruci
694 380 789 406 allixns
811 380 870 411 snit,
894 389 942 406 nos

164 431 253 456 saltos
274 429 334 454 sarit
367 429 391 453 iu
418 427 627 459 redemptionem
650 426 859 458 setnpiteruam;
883 434 942 459 quae

165 476 280 502 maxima
302 473 516 499 Chri-namnum
535 476 574 497 est
593 470 767 504 exspectatio.

199 522 254 547 Non
272 530 344 553 ergo,
371 521 406 546 mi
430 521 556 550 Luciane,
583 524 607 544 te
628 519 724 552 jactari
745 524 790 544 aut
812 522 876 551 puto
897 522 943 544 aut

164 569 224 593 volo
247 568 318 600 quod
338 567 414 592 multi
436 575 466 591 ex
498 564 596 599 palatio
630 564 758 598 principis
787 572 833 597 per
862 568 887 589 te
910 564 942 589 ad

164 614 325 645 agnitionem
353 612 470 637 veritatis
491 615 678 644 pervenerunt,
705 609 750 636 sed
777 609 862 643 magis
883 617 943 642 gra-

164 664 214 684 tias
240 658 291 683 lieo
312 663 403 683 nostro
428 656 525 682 referre
553 656 642 687 decet,
660 655 704 689 qui
727 659 751 680 te
778 654 878 680 bonum
904 655 944 680 in·-

164 709 343 731 strumentum
370 703 395 728 ιιι
420 711 475 729 rem
500 703 597 729 bonam
624 702 756 733 confecit,
780 705 858 734 teque
875 701 942 734 apud

164 751 309 784 principem
325 749 490 777 sublimavit.
503 748 684 774 utthristiaui
700 747 817 773 nominis
835 747 941 773 odorem

165 797 190 821 in
209 803 284 821 snam
310 795 421 829 gloriam
436 801 460 821 ct
481 795 627 820 multorum
643 794 755 819 salutem
771 792 943 819 diffunderes.

163 839 229 866 Nan·
256 846 356 874 quanto
387 840 472 873 magis
500 840 624 873 princeps
645 840 700 872 ipse
724 838 842 864 nondum
867 838 945 864 Chri-

164 886 258 912 stianae
283 886 405 919 religioni
432 885 583 918 ascriptus,
611 884 675 918 ipsis
699 884 858 910 Christianis
874 884 946 910 velut

165 932 329 958 tidelioribus
353 932 433 957 vitam
457 936 481 957 et
503 938 601 964 corpus
618 938 697 956 suum
715 930 862 955 curamlum
887 937 946 957 cre-

163 977 245 1007 didit;
268 982 340 1002 tanto
355 977 430 1003 decet
448 984 495 1003 vos
511 976 689 1007 sollicitiores,
717 984 747 1002 ac
768 976 793 1001 in
811 976 882 1001 illius
900 983 944 1001 sa-

164 1022 245 1048 lntem
268 1028 293 1049 et
318 1031 409 1049 curant
426 1022 608 1056 diligentiores
624 1029 683 1048 esse
698 1026 723 1048 et
740 1021 944 1055 prospechores,

164 1074 191 1094 ut
210 1077 254 1102 per
281 1068 304 1094 id
332 1069 475 1102 plurimum
491 1067 591 1095 Christi
610 1076 707 1094 nomeu
724 1068 896 1101 glorificetur,
920 1071 946 1093 et

165 1114 236 1140 illins
253 1115 316 1141 tides
334 1122 382 1148 per
405 1122 452 1141 vos
468 1114 513 1148 qni
537 1114 686 1148 principem
703 1112 806 1143 fovetis,
825 1112 945 1146 quotidie

163 1166 293 1194 angeatur
310 1169 316 1186 ε
337 1168 397 1186 nam
411 1161 472 1194 qnia
489 1168 538 1187 nos·
552 1160 688 1186 maleficos
702 1159 765 1185 olim
779 1162 805 1184 et
818 1158 945 1184 omuibus

164 1207 271 1240 flagitiis
288 1207 400 1233 refertos
417 1207 537 1232 nonnulli
556 1206 659 1240 priores
677 1205 813 1239 principes
832 1208 943 1238 putave-

163 1258 242 1283 runt:
261 1253 306 1279 sed
321 1253 376 1285 jam
390 1253 511 1279 videntes
526 1257 614 1278 vestra
632 1252 699 1277 bona
713 1258 803 1284 opera,
821 1258 873 1276 non
887 1257 946 1284 pos-

162 1298 217 1324 sint
234 1298 285 1324 nisi
303 1298 390 1332 ipsum
406 1298 541 1324 Christum
558 1297 719 1331 glorificare.

198 1343 228 1368 ll.
252 1343 342 1377 ltaque
364 1351 468 1369 summa
486 1352 535 1377 ope
552 1343 627 1369 vobis
644 1341 819 1368 annitendum
840 1346 891 1372 est,
912 1349 945 1367 ne

163 1397 210 1415 vos
234 1389 333 1422 aliquid
357 1393 433 1422 turpe
457 1394 503 1415 aut
525 1389 708 1418 inhonestum,
735 1395 768 1413 ne
783 1387 942 1422 flagitiosum

164 1435 311 1464 nominem.
329 1435 468 1466 sentiatis;
489 1442 521 1461 ne
537 1435 636 1461 Christi
655 1441 753 1460 nomeu
770 1442 817 1469 per
835 1442 884 1461 vos
902 1434 944 1468 ip-

162 1488 207 1506 sos
225 1480 433 1514 blasphemetur.

197 1526 274 1552 Absit
290 1534 304 1552 a
319 1527 395 1551 robis
413 1532 441 1552 ιιι
460 1526 560 1553 aditum
573 1526 653 1552 alieni
669 1526 701 1552 ad
717 1526 864 1560 principem
882 1533 943 1559 pre-

163 1573 199 1598 tio
214 1573 350 1604 vendatis2
374 1577 401 1598 ut
428 1573 568 1599 inhonesta
583 1578 629 1599 aut
645 1573 778 1606 precibus,
800 1578 846 1599 aut
860 1573 945 1607 pretio

164 1619 227 1645 vit-ti
245 1620 334 1653 aliquo
355 1624 431 1652 paeto
451 1619 564 1653 principi
579 1620 738 1654 suggeratis.
765 1619 859 1645 Omnis
883 1627 945 1645 ara-

164 1665 240 1703 ιἰιιιιὲΙ
256 1666 336 1691 ardor
359 1674 373 1690 a
397 1665 473 1691 vobis
498 1665 625 1692 abscedat
641 1667 650 1681 ⁹
662 1686 668 1697 ‚
684 1673 743 1699 quae
767 1665 943 1691 idololatriam

163 1712 251 1744 potius
268 1719 347 1745 quam
363 1710 461 1737 Christi
490 1711 647 1745 religionem
674 1716 810 1745 operatur.
837 1711 943 1737 Nullum

163 1761 241 1790 turpe
257 1757 360 1783 lucrum
378 1757 541 1788 Christiano,
554 1757 626 1783 nulla
642 1757 784 1790 duplicitas
802 1757 945 1783 convenire

165 1807 261 1836 potest,
278 1803 322 1836 qni
340 1803 475 1829 Christum
499 1803 647 1836 simplicem
672 1807 698 1828 et.
721 1802 822 1828 nudum
845 1803 944 1836 ample-

164 1849 254 1875 ctitur.
268 1847 345 1875 ‘Nulla
361 1850 512 1875 scurrilitas
534 1854 580 1876 aut
604 1850 797 1884 turpiloquium
815 1849 884 1875 inter
898 1856 945 1875 vos

165 1894 295 1920 habeatur
311 1895 329 1920 ³.
352 1894 447 1921 Omnia
465 1903 525 1921 cum
543 1896 684 1926 modestia,
699 1895 833 1925 comitate,
853 1894 946 1921 affabi-

165 1940 236 1965 litate
258 1945 283 1966 et
305 1940 408 1974 justitia
425 1942 577 1976 exigantur,
595 1946 623 1967 ut
649 1942 674 1967 in
697 1941 822 1967 omuibus
846 1948 943 1966 nomen

166 1985 210 2011 Dei
229 1990 253 2011 et
269 1986 372 2012 Domini
387 1988 468 2013 nostri
487 1987 549 2013 Jesu
567 1988 665 2013 Christi
684 1987 856 2020 gloritiretur.

200 2032 289 2057 (Jssieia
316 2037 404 2058 restra
430 2033 462 2058 ad
486 2041 545 2066 (pne
571 2033 668 2067 singuli
696 2032 835 2058 constituti
858 2031 943 2060 estis,

165 2079 237 2103 omni
265 2086 324 2103 enm
351 2079 445 2103 timore
470 2078 514 2103 Dei
541 2083 567 2104 et
593 2087 684 2106 amore
708 2078 836 2112 principis
865 2083 945 2111 atque

165 2128 257 2148 exacta
279 2124 414 2156 diligentia
429 2124 622 2157 exsequamini.
648 2124 800 2150 Mandatum
816 2123 944 2157 principis

165 2169 236 2201 ‹piod
253 2168 334 2194 Deum
360 2177 411 2194 non
437 2170 560 2200 offendit,
584 2171 617 2195 ab
640 2171 697 2203 ipso
711 2170 765 2195 Deo
781 2170 944 2204 processisse

167 2215 278 2247 put‹·tis;
301 2222 390 2239 amore
406 2215 505 2248 pariter
518 2220 543 2241 et
557 2216 662 2247 timore,
685 2221 765 2249 atque
787 2217 858 2242 omni
882 2225 942 2242 eum

162 2259 332 2293 jucunditate
349 2260 476 2293 perlit-ite.
498 2260 567 2287 Nihil
581 2266 621 2287 est
636 2262 704 2287 enim
722 2262 792 2295 (μιοιΙ
807 2263 942 2288 bominem

166 2305 272 2337 uiagnis
292 2305 482 2338 agitationibus
507 2306 645 2339 fatigatum
674 2306 709 2332 ita
736 2311 846 2337 recreet,
875 2307 944 2333 sieut

166 2349 252 2375 intimi
271 2351 406 2377 servitoris
428 2351 590 2377 conveniens
607 2352 772 2384 jucunditas,
788 2356 814 2377 et
830 2352 944 2385 benigna

167 2395 309 2427 patientia;
333 2404 380 2422 uec
397 2396 447 2422 ulla
462 2396 557 2422 iteruin
571 2404 612 2422 res
625 2397 776 2422 econtrario
795 2397 868 2422 illum
884 2405 943 2430 per-

168 2441 318 2466 turbatione
335 2441 371 2466 ita
387 2442 463 2467 aflicit
479 2447 504 2467 et
519 2442 669 2473 contristat,
684 2442 753 2468 sicut
768 2442 875 2467 tiistitia
896 2442 945 2467 im-

167 2487 365 2518 patu-unaque,
391 2492 416 2512 et
435 2487 518 2520 ipsius
545 2488 681 2513 servitoris
702 2487 941 2513 submurmuratio.

167 2531 259 2555 Ale-int
278 2531 332 2555 b.==‹:
349 2540 361 2556 a
378 2532 451 2557 vobis
464 2532 642 2564 Christianis,
666 2534 710 2566 qui
730 2533 785 2558 zelo
801 2533 859 2558 [idei
876 2533 944 2559 ince-

167 2576 247 2606 dui„
268 2577 312 2600 sel
337 2581 365 2602 ut
391 2578 415 2602 in
443 2578 518 2603 vobis
541 2578 605 2610 ipsis
631 2579 823 2604 bonorilieetur
840 2578 907 2603 lteus
923 2579 942 2609 ⁸,

167 2620 255 2643 omnia
271 2620 330 2644 xitia
346 2622 440 2646 inentis
454 2626 478 2646 et
492 2630 531 2646 roi
541 2623 612 2655 poris
624 2623 781 2655 supprimite
794 2629 818 2648 et
832 2624 942 2648 cab-ate.

167 2664 310 2690 induimini
329 2667 453 2699 patientia
469 2672 495 2694 et
513 2669 683 2699 :illabilitate;
703 2669 846 2695 virtutihus
860 2673 884 2695 et
899 2677 944 2703 spe

221 2752 227 2766 ¹
249 2752 338 2779 Mattb.
356 2762 381 2783 v.
400 2754 440 2780 to.
463 2757 471 2769 ²
488 2756 592 2783 (Ioloss.
610 2764 648 2787 ni,
666 2757 691 2782 5.
731 2757 740 2771 ¹
753 2756 850 2790 Ephes.
868 2766 891 2788 v,
906 2758 930 2783 t.

961 49 1192 75 Atssxiffiumxt
1705 49 1771 75 1572

958 114 977 136 A
992 108 1090 134 Christi
1106 109 1270 141 repleamini.
1286 109 1379 134 Omnia
1396 113 1501 142 propter
1518 108 1603 140 ipsum
1618 106 1770 133 Creatorem

993 159 1111 179 restrum
1128 154 1246 183 sufferte,
1270 155 1360 180 omnia
1379 154 1511 188 patimini.
1526 154 1616 179 omnia
1633 154 1732 180 vincite
1746 159 1772 180 et

993 197 1182 230 supplantato,
1215 203 1245 223 ut
1274 197 1411 223 Christum
1442 198 1583 223 Dominum
1614 199 1771 231 acquiratis.

993 242 1087 276 Magna
1107 247 1169 268 sunt
1188 242 1244 268 baee
1265 246 1291 268 et
1316 243 1450 270 laboribus
1475 245 1552 278 plena
1579 253 1584 269 :
1609 244 1654 271 sed
1680 245 1723 278 qui
1746 245 1772 269 in

993 296 1072 321 ayone
1082 289 1223 318 contendit,
1236 288 1266 313 ab
1278 288 1395 314 omnibns
1406 297 1431 314 se
1447 289 1606 321 absiiuruet
1618 290 1657 316 mi
1669 290 1772 323 quidem

993 338 1021 358 ut
1051 334 1244 366 corruptibilem
1281 342 1403 359 coronant
1436 335 1586 368 accipiunt,
1609 344 1655 361 nos
1685 340 1771 361 ιιιιιιίιι

993 379 1169 413 incorruptam
1184 379 1205 405 ⁸.

1028 434 1070 460 ΙΙΙ.
1091 435 1142 461 Sed
1166 435 1243 469 quia,
1261 440 1290 461 ut
1312 436 1398 461 sentio
1413 456 1420 467 ‚
1445 436 1559 462 diversis
1585 436 1677 463 ollii-iis
1707 438 1772 463 estis

994 482 1113 514 asrripti,
1134 485 1160 507 et
1179 482 1299 507 oninium
1319 486 1345 507 ῑιι
1357 503 1363 512 ,
1381 481 1509 513 aniane,
1528 482 1687 516 prrepositus
1702 483 1772 509 (liee-

994 528 1041 557 riS,
1056 534 1124 560 quos
1139 534 1232 553 omues
1250 527 1333 561 gratia
1353 527 1452 553 Christi
1469 528 1514 553 tibi
1532 535 1659 554 concessa
1679 533 1772 561 potens

994 580 1022 598 es
1042 577 1068 598 et
1086 572 1206 606 regulare
1225 576 1256 607 'ct
1282 571 1431 603 instrucre;
1451 577 1539 598 certus
1561 580 1637 603 sum,
1656 580 1709 598 non
1726 573 1772 598 tibi

994 618 1145 651 displicebit
1170 626 1212 643 me
1230 617 1309 643 etiam
1334 617 1365 643 de
1386 617 1479 643 officiis
1504 618 1556 643 illis
1579 618 1667 651 aliqua
1690 618 1773 651 parti-

994 664 1101 690 culatim
1118 668 1144 690 et
1159 665 1304 690 summarie
1319 664 1363 689 tibi
1378 663 1476 690 referre
1489 670 1547 697 quae
1562 670 1680 689 sensero.
1706 663 1770 689 Nam

995 709 1110 742 aliquem
1133 717 1165 735 ex
1179 709 1256 735 vobis
1278 717 1384 735 servare
1399 709 1516 742 privatas
1541 708 1667 742 principis
1691 716 1772 741 pecu-

996 755 1055 781 nias
1071 754 1170 786 audi0;
1189 755 1271 780 alium
1288 759 1374 781 vestes
1389 760 1415 780 et
1430 758 1586 780 ornamenta
1606 754 1771 787 imperialia;

997 800 1079 826 alium
1095 808 1158 827 vasa
1172 802 1305 834 pretiosa3
1329 801 1411 827 alium
1426 800 1519 830 libros.
1539 807 1618 834 quem
1634 807 1686 825 non
1702 800 1773 825 bunc

996 847 1084 874 adbuc
1103 855 1134 873 cx
1156 847 1327 874 credentibus
1345 846 1472 881 intelligo,
1490 846 1571 872 alium
1590 846 1669 872 aliam
1685 846 1773 880 supel-

996 894 1121 920 lectilem.
1145 893 1209 926 Quae
1225 901 1289 920 sane
1304 893 1529 927 quemadmodum
1545 893 1682 919 tractanda
1707 893 1772 918 mibi

995 939 1147 970 videantur,
1167 939 1259 973 paneis
1273 939 1407 966 indicabo.

1031 995 1074 1021 tv.
1096 996 1147 1028 Qui
1160 997 1278 1030 privatas
1295 996 1422 1030 principis
1441 996 1569 1030 pecunias
1586 997 1696 1029 detinet,
1716 1004 1774 1023 om-

996 1042 1039 1068 nia
1057 1042 1108 1068 sub
1125 1046 1198 1068 certo
1212 1042 1315 1068 calculo
1329 1046 1485 1073 conservet;
1501 1047 1609 1076 paratus
1623 1042 1656 1068 sit
1669 1049 1774 1076 semper

996 1088 1117 1114 omnium
1135 1092 1236 1114 certam
1256 1087 1367 1114 reddere
1383 1087 1514 1114 rationem
1534 1096 1541 1114 ι
1560 1088 1649 1114 omnia
1663 1087 1772 1118 scribat,

995 1134 1074 1159 etiam
1100 1133 1122 1159 si
1142 1133 1269 1168 possibile
1293 1138 1351 1165 est,
1380 1137 1523 1167 antequam
1548 1133 1623 1159 alteri
1647 1134 1773 1166 pecunias

996 1179 1130 1214 porrigat;
1149 1187 1285 1212 uunquam
1301 1179 1437 1205 memoriae
1453 1178 1578 1211 confidat,
1603 1187 1662 1212 quae
1681 1179 1713 1205 ad
1731 1179 1773 1205 ‹ti-

996 1233 1072 1252 versa
1090 1225 1210 1259 quotidie
1227 1225 1353 1252 distracta
1373 1224 1451 1251 facile
1471 1225 1579 1257 labitur,
1607 1225 1641 1251 ita
1665 1230 1693 1251 nt
1716 1225 1774 1252 sine

996 1272 1140 1305 scriptura,
1158 1273 1237 1298 etiam
1254 1280 1313 1306 qum
1334 1272 1405 1298 nullo
1418 1276 1495 1306 pacto
1511 1271 1619 1298 suerunt
1641 1280 1671 1298 ex
1694 1272 1773 1298 eorde

996 1325 1188 1352 nonuunquam
1203 1318 1382 1350 affirmemus3
1403 1326 1452 1344 uec
1468 1317 1585 1351 vulgaris
1603 1318 1637 1343 sit
1654 1317 1775 1351 hujusce—

995 1364 1066 1389 modi
1080 1364 1224 1397 scriptura,
1248 1364 1293 1390 sed
1313 1372 1372 1397 quae
1386 1363 1461 1390 facile
1475 1369 1501 1390 et
1517 1364 1588 1390 clare
1600 1364 1690 1389 onmia
1707 1371 1774 1397 pan·

995 1410 1048 1441 dat,
1067 1414 1093 1436 et
1116 1415 1234 1436 ruentem
1254 1410 1414 1444 requirentis
1436 1410 1494 1436 sine
1518 1410 1643 1443 scrupulo
1660 1415 1705 1435 aut
1725 1409 1774 1436 du-

957 1446 978 1474 C
996 1457 1123 1483 bitatione
1145 1457 1280 1491 relinquat
1297 1466 1302 1483 :
1319 1456 1390 1490 quod
1415 1455 1492 1482 facite
1520 1456 1580 1485 fiet,
1606 1456 1628 1482 si
1649 1456 1774 1482 distincte

995 1512 1054 1538 qum
1068 1503 1232 1538 recipiuntur
1254 1507 1280 1529 et
1302 1510 1348 1537 per
1363 1510 1391 1529 se
1406 1502 1569 1534 scribantur,
1593 1505 1619 1528 et
1638 1509 1691 1535 quo
1707 1504 1775 1528 teni-

995 1558 1069 1584 pore,
1086 1554 1112 1576 et
1127 1558 1173 1584 per
1184 1557 1262 1584 quem
1283 1553 1387 1583 recepta
1410 1549 1518 1579 suerint.
1535 1554 1562 1576 et
1575 1556 1628 1582 quo
1646 1549 1672 1574 in
1691 1548 1750 1575 loco
1767 1559 1772 1574 :

996 1596 1119 1622 similiter
1136 1601 1161 1622 et
1176 1597 1247 1629 quod
1263 1596 1322 1621 aliis
1337 1600 1473 1629 erogatur,
1493 1596 1533 1621 vel
1556 1595 1683 1628 principis
1699 1602 1774 1621 man-

995 1643 1057 1668 dato
1071 1642 1232 1676 impenditur
1246 1649 1293 1675 per
1307 1649 1335 1667 se
1349 1649 1397 1667 suo
1410 1641 1503 1667 ordine
1516 1640 1652 1675 digeratur
1669 1648 1674 1667 τ
1690 1640 1774 1666 [idelis

996 1689 1030 1715 sit
1050 1689 1092 1715 ille
1109 1695 1202 1715 servus
1215 1692 1239 1714 et
1253 1688 1381 1721 prudens,
1398 1692 1426 1713 nt
1438 1687 1551 1721 gaudeat
1568 1686 1697 1713 Dominus
1712 1694 1773 1712 euru

996 1742 1076 1768 super
1096 1735 1166 1761 hona
1191 1742 1239 1761 sua
1263 1734 1435 1761 constituisse
1451 1734 1476 1764 ⁰,
1494 1737 1520 1759 et
1533 1732 1670 1759 Christum
1685 1732 1710 1758 iu
1729 1732 1774 1758 illo

997 1782 1135 1816 glorificet.

1031 1839 1063 1866 V.
1085 1839 1138 1866 Nec
1161 1840 1248 1866 minor
1266 1839 1317 1866 erit
1338 1839 1374 1865 illi
1390 1839 1526 1873 diligentia
1543 1842 1569 1864 et
1583 1845 1646 1864 eura
1662 1837 1707 1871 qui
1728 1844 1773 1862 ve-

997 1891 1051 1912 stes
1074 1890 1100 1912 et
1118 1886 1266 1920 imperialia
1280 1885 1379 1911 detinet
1405 1889 1578 1913 ornamenta,
1604 1891 1663 1917 quse
1685 1883 1774 1909 outnia

997 1932 1046 1957 sub
1069 1932 1219 1957 certissimo
1238 1932 1325 1958 indice
1341 1931 1436 1957 babeat
1461 1936 1486 1957 ct
1513 1931 1621 1957 adnotet
1646 1937 1705 1963 quae
1731 1929 1773 1955 illa

996 1976 1060 2008 sint,
1083 1977 1184 2010 qualia,
1200 1977 1298 2011 quibus
1322 1977 1347 2002 iu
1373 1977 1437 2003 locis
1455 1976 1600 2006 recondita,
1620 1975 1726 2009 quando
1743 1983 1773 1999 ea

997 2022 1128 2056 acceperit
1152 2027 1205 2048 cta
1231 2022 1345 2056 quibus,
1370 2030 1402 2048 an
1426 2021 1634 2048 niaculatasint
1658 2021 1697 2046 vel
1717 2019 1774 2045 siue

998 2069 1101 2095 macula
1118 2078 1124 2094 :
1143 2069 1186 2095 illa
1205 2069 1294 2095 omnia
1314 2076 1362 2095 sua
1380 2068 1516 2102 diligentia
1534 2071 1688 2099 conservet;
1705 2073 1774 2098 saepe

963 2113 982 2139 D
999 2115 1125 2145 revideat,
1151 2122 1221 2148 srepe
1244 2118 1387 2148 pertractet
1406 2119 1434 2139 ut
1457 2113 1561 2139 facilius
1577 2119 1773 2146 reeognosean-

999 2166 1041 2187 tur
1060 2170 1066 2186 :
1084 2161 1173 2186 υιιιιιιει
1189 2161 1225 2186 illi
1242 2161 1295 2186 sint
1309 2161 1333 2186 in
1349 2165 1482 2193 promptu,
1499 2160 1588 2185 omnia
1603 2163 1693 2192 parata
1707 2167 1713 2184 :
1729 2166 1774 2192 pe-

998 2207 1078 2233 tentis
1100 2214 1204 2240 semper
1228 2205 1356 2240 principis
1378 2210 1424 2231 ant
1442 2206 1574 2239 pini-positi
1598 2206 1638 2231 sui
1659 2210 1773 2231 mentem

999 2253 1023 2278 in
1044 2252 1117 2278 ontni
1132 2260 1159 2278 re
1176 2252 1254 2285 petita
1271 2251 1447 2277 clarissimam
1464 2251 1572 2282 reddat;
1596 2251 1630 2277 ita
1644 2257 1731 2276 tamen
1747 2257 1775 2276 ut

998 2297 1089 2322 ‹uunia
1104 2304 1164 2322 cum
1183 2296 1331 2322 bumilitate
1349 2296 1502 2330 etjucunda
1518 2297 1645 2330 patientia
1659 2297 1733 2328 liant,
1749 2301 1775 2322 et

998 2341 1096 2368 Cbristi
1113 2350 1208 2367 nomen
1226 2341 1306 2367 etiam
1325 2342 1349 2367 in
1366 2349 1394 2367 re
1408 2349 1488 2375 parva
1502 2341 1633 2367 laudetur.

1034 2395 1076 2422 Vl.
1099 2395 1183 2421 Simili
1200 2395 1279 2421 modo
1291 2396 1333 2422 ille
1345 2401 1415 2430 agat,
1432 2396 1509 2429 cujus
1524 2395 1584 2422 fidei
1598 2395 1699 2422 credita
1713 2400 1776 2421 snut

999 2450 1061 2468 rasa
1085 2448 1229 2476 argentea„
1249 2451 1346 2473 :un-ea,
1372 2443 1536 2477 crystallina.
1558 2442 1598 2468 vel
1620 2441 1773 2471 murrbina.

998 2489 1112 2519 escaria,
1130 2488 1172 2513 vel
1189 2489 1306 2521 potoria;
1325 2489 1413 2515 onmia
1429 2489 1563 2522 disponat,
1587 2488 1677 2514 omnia
1690 2492 1774 2519 notet,

998 2538 1024 2558 et
1036 2538 1101 2566 quot
1112 2533 1237 2566 qualesve
1253 2533 1345 2559 sintin
1361 2533 1411 2559 illis
1425 2533 1526 2566 lapides
1543 2532 1650 2566 pressosi
1666 2540 1713 2558 sua
1732 2533 1774 2558 di-

998 2578 1103 2610 ligantia
1122 2584 1314 2611 (·υιιιιιιιιιιϊι·ι;
1333 2579 1422 2604 omnia
1443 2586 1539 2612 magna
1554 2586 1614 2603 cum
1633 2578 1774 2611 prudentia

998 2624 1159 2655 consideret,
1178 2625 1266 2649 onmia
1283 2625 1336 2650 suis
1353 2624 1417 2649 loeis
1438 2629 1463 2649 et
1486 2624 1648 2657 temporibus
1662 2624 1772 2657 prodat;

998 2669 1039 2694 rui
1055 2670 1099 2695 dat
1111 2674 1134 2695 et
1151 2670 1269 2703 quandO.
1283 2678 1297 2696 a
1310 2670 1407 2703 quibus
1421 2678 1450 2696 ea
1464 2669 1557 2703 recipit
1572 2669 1774 2703 diligentissime

971 2757 978 2771 ¹
995 2757 1002 2781 l
1020 2756 1074 2783 Pet.
1093 2765 1127 2786 iv.
1148 2757 1187 2783 ll.
1209 2758 1218 2773 ἦ
1233 2757 1241 2783 l
1259 2757 1320 2784 Cor.
1338 2765 1374 2789 ix,
1387 2757 1430 2784 23.
1450 2757 1459 2772 ⁰
1474 2756 1566 2783 Manli.
1582 2764 1654 2789 xxiv,
1668 2755 1711 2789 45,
1727 2756 1770 2782 47.
