1861 3018
89 142 123 167 25

679 142 745 169 CAH
766 143 898 170 ROMANt
917 143 1128 171 PttEsm'TEut

1675 144 1710 170 24

90 197 215 225 vertisset
231 198 353 225 eruditus
367 197 531 225 Humt'redus
547 198 658 230 llodius.
670 199 733 225 dum
746 199 872 225 librorum
888 203 909 230 Α
926 200 1095 234 consignavit
1111 199 1207 226 Pastor
1229 200 1400 234 inscriptum.
1419 201 1500 227 Docet
1516 200 1596 235 igitur
1610 200 1710 228 Fonta-

89 243 244 270 tvitrticorum
268 252 403 269 nanterum
431 253 462 270 ac
479 245 596 270 ordinem
613 244 690 278 juxta
716 246 878 271 seculorum

88 290 185 315 seriem
201 294 341 324 pertexere
359 290 481 316 studebat
495 290 513 316 ³.

123 335 191 360 lllud
228 343 336 369 quoque
373 335 609 362 animadxersione
627 335 737 371 dignum
751 337 879 366 occurrit,

88 386 117 407 ut
141 381 221 407 modo
242 381 368 407 monebat
392 386 484 407 noster
506 381 610 413 editor,
633 382 705 416 quod
732 382 877 415 fragmenti

88 428 202 461 scriptor
216 427 228 461 ᾖ
242 427 274 452 tv
290 427 418 453 Miltiadis
443 427 560 453 haeretici
573 428 737 454 mentionem
751 428 854 462 injiciat
870 448 875 454 .

89 478 116 498 ut
138 477 277 506 propterea
295 480 400 505 :equum
427 471 509 498 suerit
530 472 702 505 existimare,
725 478 879 507 excerptum

90 520 159 545 istu-t
175 520 207 545 ad
232 519 304 545 illam
323 519 534 552 disputationem
557 519 708 552 pertinere.
726 527 808 553 quam
833 520 880 545 ad-

89 574 184 592 wrsus
197 565 342 592 Proculum
365 565 599 600 Catapbrygarum
622 570 783 593 sectatorem
798 566 880 593 Caius

90 612 217 638 instituit.
238 612 360 638 Asterius
382 611 453 637 enim
469 611 595 638 Urbanus
617 612 687 645 apud
707 612 852 639 Eusebium
869 612 879 627 ⁴

90 657 141 683 sub
159 657 245 690 ipsum
265 657 371 683 initium
386 658 474 691 operis
493 657 565 691 quod
579 658 712 685 adversus
730 658 879 693 Catapltry-

90 711 137 737 gas
156 703 327 736 composuit,
348 702 476 729 Miltiadis
495 703 618 730 baeresim
642 705 773 731 nominat.
805 704 879 731 Unde

91 750 269 775 confirmatur
294 749 402 776 Eusebii
428 750 524 782 lectio,
541 750 581 776 lut
600 756 625 777 et
650 750 794 784 Nieepliori
819 759 878 778 eam

89 794 269 820 exscribentis
286 795 307 826 ⁵,
332 803 346 821 a
365 794 472 822 Valesio
493 800 519 822 et
535 795 629 830 Laugo
648 796 810 828 sollicitata,
832 797 878 831 qui

90 841 150 867 loco
182 841 313 867 Miltiadis
341 842 559 869 substituendum
590 843 754 869 Alcibiadem
784 843 878 870 existi·

91 891 176 913 mant.
197 886 289 921 Neque
312 888 389 914 aliter
407 887 561 915 Dodwellus
579 889 599 921 ⁰,
616 889 678 915 licet
699 889 778 915 aliam
799 889 880 923 liujus

91 933 142 960 loci
159 941 268 960 causam
283 939 309 960 et
327 934 459 961 rationein
477 935 558 961 ineat.

128 979 197 1006 Sunt
213 985 341 1014 praeterea
359 985 453 1007 notatu
469 981 547 1014 plane
563 980 723 1016 dignissima
735 1002 742 1013 ,
757 988 817 1015 quae
832 988 880 1007 eo-

91 1025 151 1051 dem
173 1024 186 1059 §
210 1024 254 1055 tv,
280 1026 415 1053 memoriae
447 1026 564 1060 prodidit
590 1026 733 1061 fragmenti
758 1031 879 1053 auctor:

90 1071 247 1100 emonem,
261 1071 365 1105 inquit,
388 1072 535 1105 nuperrime
558 1073 715 1106 temporibus
736 1073 831 1099 nostris
854 1072 880 1097 in

91 1116 154 1141 urbe
168 1115 251 1141 Roma
268 1115 365 1141 Herma
382 1117 536 1150 conscripsit
549 1137 555 1147 ‚
573 1117 674 1143 sedente
694 1118 818 1144 cathedra
834 1126 880 1144 ztr-

93 1162 130 1188 his
149 1161 236 1188 nomm
253 1161 378 1188 Ecclesioe
395 1162 444 1189 Pio
463 1163 581 1197 episeopo
599 1164 681 1197 fratre
692 1164 757 1197 ejus.
776 1164 881 1196 Quibus

91 1208 181 1234 verbis
197 1208 251 1234 vim
270 1208 360 1234 inesse
387 1209 534 1235 max-imam
556 1209 617 1242 jure
634 1210 739 1236 censuit
755 1210 882 1237 eruditis-

92 1255 180 1280 simus
196 1254 294 1280 editor.
313 1254 376 1286 Sed,
390 1259 420 1281 ut
438 1262 501 1281 vere
517 1255 617 1288 dicam,
633 1260 674 1281 est
691 1256 717 1282 in
733 1256 784 1282 loci
801 1256 882 1290 hujus

91 1299 313 1334 interpretatione
340 1300 543 1331 Muratoriana‚
563 1302 634 1335 quod
654 1310 708 1328 non
728 1303 793 1329 satis
810 1311 883 1330 asse-

95 1354 175 1379 quor.
196 1346 308 1372 Yidctur
336 1347 407 1372 enim
432 1347 489 1381 ipse
513 1347 593 1373 allata
618 1349 699 1374 verba
727 1349 759 1375 de
784 1349 883 1375 Herma

93 1399 152 1417 wro
177 1392 326 1425 apostolico
345 1393 496 1426 accepisse,
513 1393 627 1427 ejusque
648 1395 799 1428 respexisse
816 1403 883 1429 opus

94 1437 165 1470 quod
178 1437 328 1463 etiamnum
344 1443 462 1472 superat,
477 1439 556 1466 titulo
572 1439 694 1466 Pastoris
712 1441 882 1475 inscriptum.

95 1487 122 1508 ιιι
140 1483 209 1509 lianc
227 1487 315 1509 autem
329 1485 489 1510 sententiam
506 1493 538 1511 ex
557 1493 589 1511 eo
606 1486 776 1519 potissimum
799 1487 884 1513 addu-

95 1537 151 1559 cor,
169 1529 241 1563 quod
259 1529 289 1555 V.
303 1529 332 1555 (Σ.
352 1530 426 1556 ἰΙΙιιιιι
450 1530 555 1558 Hermae
571 1532 669 1558 librum
692 1532 815 1558 celem-em
836 1541 883 1559 vo-

95 1580 147 1607 cet,
164 1580 194 1602 ut
210 1584 271 1602 vete
289 1582 329 1603 est
344 1576 463 1603 Pastoris
480 1585 548 1612 opus
563 1581 641 1612 anus
656 1579 882 1611 auctor-Hermas,

95 1621 214 1655 antiquis
237 1621 363 1648 Patribus
390 1623 503 1649 summis
520 1623 647 1651 laudibus
664 1625 837 1652 celebratum.
856 1626 883 1652 Si

95 1666 229 1700 ejusmodi
245 1667 279 1693 sit
294 1666 433 1694 Muratorii
452 1676 547 1695 sensus
562 1674 588 1696 et
605 1671 706 1704 opinio,
725 1671 750 1696 in
769 1671 882 1698 nibilum

98 1712 154 1738 abit
173 1713 233 1745 ejus
249 1719 430 1747 arqttmentum
450 1715 581 1741 robustius
599 1723 607 1741 :
627 1716 759 1750 siquidem
777 1722 885 1752 aposto-

97 1758 167 1784 licus
184 1757 296 1785 Hermas
314 1767 401 1793 neque
424 1758 468 1785 Pii
487 1759 501 1786 1
520 1761 602 1794 frater
613 1762 732 1793 exstitit,
745 1770 832 1796 neque
850 1763 884 1789 ati

97 1802 237 1828 dimidium
253 1803 342 1829 soecuti
357 1812 372 1829 a
388 1803 492 1830 Christo
509 1810 571 1831 nato
588 1807 693 1832 secundi
711 1807 821 1840 ssoruit3
838 1809 884 1843 qui

98 1847 227 1874 nimirum
251 1853 360 1875 eentum
384 1854 446 1876 ante
474 1858 561 1878 annos
586 1852 637 1878 sub
662 1852 808 1880 Clementis
832 1853 885 1880 Ro-

99 1893 173 1919 mani
191 1894 348 1927 pontificatu
375 1895 476 1922 vixisse
500 1897 678 1930 comperitur,
702 1903 730 1924 ut
754 1899 786 1924 ad
809 1899 887 1925 volu-

99 1946 160 1964 men
177 1938 187 1964 1
203 1939 374 1966 Bibliotheca}
404 1945 504 1968 nostrae
528 1942 632 1976 prael'ati
655 1950 750 1970 sumus
766 1943 785 1969 ⁷.
809 1943 886 1972 Alius

99 1985 181 2019 igitur
202 1987 364 2020 quaerendus
392 1987 505 2016 Hermas
535 1989 576 2016 vel
603 1989 738 2023 Hermes,
764 1991 810 2026 qui
839 2000 886 2019 sre-

98 2030 161 2056 culo
182 2037 201 2057 ιι
223 2031 332 2063 clarus,
355 2031 421 2058 Piil
445 2033 528 2060 irater
545 2034 640 2068 suerit,
663 2036 763 2070 quique
786 2037 884 2064 librum

101 2075 223 2102 Pastoris
243 2077 321 2104 titulo
338 2079 497 2112 scripserit:
516 2088 569 2114 quo
590 2081 672 2108 semel
693 2082 796 2116 posito,
815 2082 886 2117 trag-

101 2122 185 2148 menti
206 2122 326 2156 acephali
343 2130 481 2151 auctorem
498 2126 593 2152 Caium
614 2134 673 2153 esse
691 2132 805 2154 constet.
826 2128 885 2155 Jam

101 2175 165 2193 vero
182 2168 222 2193 vir
238 2168 390 2195 eruditione
406 2175 538 2203 praestaus
555 2170 649 2199 Justus
666 2172 834 2200 Fontaninus
846 2173 886 2199 lu-

103 2213 223 2240 culenter
246 2215 363 2241 ostendit
390 2215 411 2247 ⁸,
434 2215 586 2244 Hermetem
611 2219 697 2245 sancti
717 2219 755 2245 Pii
777 2219 886 2246 fratrem

102 2260 180 2293 plane
200 2259 335 2286 diversum
360 2268 419 2287 esse
444 2262 477 2287 ab
497 2262 593 2289 llerma
607 2284 613 2295 ,
629 2265 675 2298 qui
700 2272 766 2299 opus
788 2265 883 2292 litteris

102 2352 146 2377 ⁶313.
183 2352 192 2367 ³
212 2351 333 2386 Nirepb„
349 2353 667 2389 11151,υ(’(·Ι.1ἰΙι.ιν,ο-ψ.
680 2358 724 2384 23.

138 2317 146 2331 ⁸
167 2316 245 2348 thur,
262 2317 293 2343 de
312 2317 419 2345 Biblior.
436 2321 529 2347 textib.
546 2321 643 2355 origin.
662 2321 707 2347 lib.
723 2323 882 2383 'v'scssp'lss'
897 2331 957 2384 plag}
976 2325 1043 2386 Gtmf'
1057 2334 1132 2359 seqq.

812 2368 835 2383 n(
866 2367 880 2383 ·.
930 2368 986 2385 :ser
1002 2382 1007 2387 .
1024 2371 1040 2386 Αι

933 245 1013 273 ninus
1025 254 1056 273 ex
1073 246 1200 280 Catalogo
1217 246 1384 273 Buclieriano
1396 266 1404 279 ‚
1420 246 1564 273 Anastasio
1580 247 1709 281 aliisque,

932 290 1083 319 Hermetem
1102 292 1141 318 Pii
1159 292 1269 318 fratrem
1285 292 1383 319 librum
1406 292 1560 326 scripsisse,
1581 293 1711 319 nunede—

932 339 1083 371 perditum,
1104 339 1135 364 de
1163 338 1290 365 Pascltate
1306 339 1348 365 die
1369 339 1508 365 Dominico
1533 338 1707 370 celebrando,

932 385 957 410 iu
978 393 1027 419 qno
1048 384 1202 410 mandatum
1223 383 1402 410 continebatur
1423 384 1490 418 quod
1510 384 1533 409 ei
1556 389 1711 417 proecepcrat

932 431 1059 465 Anqtlus,
1076 439 1132 456 cum
1151 430 1217 455 venit
1234 429 1267 455 ad
1278 438 1334 456 eum
1349 430 1479 456 inhabita
1495 431 1618 463 pastoris.
1637 430 1712 456 Unde

932 477 969 503 illi
986 477 1018 503 ab
1035 477 1155 511 angelico
1173 476 1282 502 Pastore
1298 476 1374 510 cujus
1390 476 1476 502 visum
1494 477 1519 502 in
1537 484 1586 503 suo
1598 477 1628 502 de
1645 476 1713 502 Pas-

931 523 1005 548 cltate
1022 522 1090 548 libro
1110 522 1260 552 enarravit,
1282 527 1375 556 postea
1395 528 1603 556 cognomentum
1621 523 1711 550 adbae-

932 568 965 594 sit
976 588 982 599 ,
997 569 1137 602 dictusque
1155 568 1216 594 inde

966 614 1104 647 Anaeticus
1121 614 1226 645 Pastor,
1242 615 1303 648 qaia
1321 616 1420 641 tradita
1440 617 1517 642 verba
1537 616 1639 641 locutus
1651 636 1659 648 ,

931 664 959 685 ut
974 659 1259 687 eanitvetustissiimts
1278 661 1393 695 scriptor
1411 661 1542 694 poematis
1561 662 1586 688 in
1599 661 1714 688 Marcio-

930 713 991 731 nem
1005 706 1055 732 sub
1075 706 1153 732 linem
1168 706 1227 732 libri
1245 715 1284 732 ιιι.
1299 706 1359 734 ttaec
1377 708 1483 742 aliaque
1498 709 1574 742 plura
1594 709 1620 735 in
1641 716 1714 735 eam-

930 751 989 777 dem
1015 752 1174 778 sententiam
1200 752 1325 779 laudatus
1353 753 1394 779 vii·
1419 754 1553 781 eruditus.
1578 753 1714 781 Habemus

930 796 1012 830 igitur
1027 797 1150 823 llcrmem
1160 797 1198 823 Pii
1213 797 1222 823 Ι
1237 797 1357 830 fratrem,
1374 804 1553 834 cognomento
1566 800 1714 832 Pastorem,

931 843 977 876 qui
994 843 1093 870 librum
1111 844 1142 869 αἰ»
1155 843 1284 870 Pascltate
1299 845 1417 879 scripsit.

896 877 916 904 B
965 889 999 915 At
1019 890 1089 915 enim
1110 889 1254 924 fragmenti
1277 894 1372 917 auctor
1388 898 1442 918 non
1457 891 1583 919 Hermam
1605 892 1648 918 cui
1664 899 1714 918 no·

931 943 991 961 men
1008 935 1122 962 inditum
1138 935 1243 968 Pastor,
1261 937 1307 963 sed
1324 937 1449 964 Hermam
1467 937 1586 965 Pastoris
1602 939 1715 972 scripto-

931 989 987 1007 rem
1012 982 1136 1015 appellat.
1158 981 1207 1008 Cui
1224 982 1331 1016 quidem
1349 983 1495 1017 objectioni
1520 988 1550 1010 ut
1571 984 1617 1010 liat
1630 985 1713 1015 satis,

931 1027 996 1054 illud
1014 1036 1096 1054 unum
1112 1029 1267 1062 reponimus
1284 1029 1356 1063 quod
1376 1030 1408 1056 de
1420 1029 1525 1056 ttermae
1540 1030 1649 1057 Pastore
1666 1038 1715 1057 nos

932 1074 994 1100 alibi
1013 1074 1114 1101 dixisse
1125 1075 1310 1101 meminimus.
1323 1075 1472 1108 Nimirum,
1486 1077 1714 1110 quemadmodum

932 1121 981 1147 viri
1007 1122 1147 1156 apostolIci
1170 1129 1238 1156 opus
1258 1122 1377 1156 antiquis
1401 1122 1527 1150 Patribus
1548 1122 1644 1149 Pastor
1667 1131 1715 1150 seu

933 1167 998 1194 tiber
1010 1167 1131 1194 Pastoris
1148 1169 1296 1203 appellatus
1311 1168 1370 1199 suit,
1388 1169 1449 1195 inde
1464 1168 1578 1196 sortasse
1595 1169 1715 1196 derivata

933 1212 1153 1239 denominatione
1180 1213 1334 1247 lmjusmodi
1349 1233 1355 1245 ,
1383 1214 1454 1248 quod
1487 1214 1513 1240 in
1546 1218 1603 1240 toto
1633 1214 1716 1241 sermo

933 1266 1014 1293 opere
1023 1259 1119 1285 Pastor
1138 1260 1274 1286 inducitur
1287 1259 1413 1286 Hermam
1433 1259 1573 1294 alloquens
1589 1265 1615 1287 et
1630 1260 1717 1286 infor--

934 1313 1010 1331 mans
1027 1314 1032 1329 :
1049 1306 1083 1331 ita
1098 1313 1206 1339 quoque
1227 1306 1384 1340 contigerit,
1403 1310 1432 1332 ut
1453 1311 1478 1332 et
1498 1305 1632 1332 Hei-metis
1649 1306 1717 1332 liber

933 1351 964 1377 de
975 1350 1103 1377 Pascltate
1113 1350 1202 1382 suerit,
1214 1351 1352 1377 nonnullis
1365 1351 1471 1381 saltem,
1487 1351 1584 1377 Pastor
1597 1351 1718 1377 nomina-

935 1401 977 1423 tus
992 1405 997 1428 ;
1011 1397 1074 1430 quia
1093 1396 1165 1422 illius
1180 1400 1275 1423 auctor
1289 1397 1319 1422 de
1334 1397 1366 1422 iis
1378 1397 1498 1430 scripsit,
1516 1404 1574 1430 quoe
1585 1396 1607 1422 ei
1619 1404 1716 1429 prince-

934 1444 972 1477 pit
990 1443 1103 1477 Anaelus
1115 1463 1122 1473 ,
1142 1451 1200 1468 cum
1215 1443 1281 1469 venit
1298 1443 1332 1468 ad
1348 1451 1405 1469 euin
1423 1443 1450 1468 in
1468 1443 1559 1468 habitu
1577 1442 1695 1467 Pastoris
1708 1461 1716 1473 ,

935 1493 963 1514 ιιι
983 1488 1062 1514 babet
1081 1488 1225 1522 Catatogus
1247 1487 1267 1513 ll
1291 1487 1513 1514 Henscbenianus
1533 1495 1540 1512 :
1566 1487 1636 1513 unde
1663 1494 1716 1513 non

936 1533 1024 1561 solnm
1048 1534 1190 1568 scriptori.
1204 1533 1250 1560 sed
1266 1534 1324 1567 ejus
1342 1533 1422 1559 etiam
1442 1533 1510 1559 libro
1530 1532 1648 1558 Pastoris
1668 1539 1716 1558 no-

935 1588 997 1606 men
1012 1579 1158 1606 inbreserit.
1177 1578 1239 1605 lime
1253 1583 1356 1605 tantum
1374 1579 1399 1604 in
1412 1577 1615 1612 praesentiarum
1632 1577 1716 1604 babe-

936 1633 1007 1657 mus,
1022 1625 1121 1658 quibus
1140 1624 1284 1658 proposita}
1295 1623 1449 1649 {difficultati
1462 1629 1647 1649 occurramus.
1665 1621 1717 1648 Ve-

935 1678 995 1696 rum
1014 1669 1181 1696 eruditorum
1204 1669 1316 1695 arbitrio
1336 1676 1392 1695 rem
1409 1667 1588 1695 definiendam
1606 1666 1718 1693 dimitti-

935 1723 1008 1742 mus.

971 1762 1104 1789 Caeterum
1132 1761 1210 1787 doleo
1233 1760 1358 1795 equidem
1381 1759 1515 1794 ejusmodi
1538 1758 1716 1792 fragmentum

935 1815 994 1835 esse
1011 1808 1088 1835 toedis
1102 1807 1280 1834 deformatum
1298 1807 1445 1833 erroribus.
1463 1805 1513 1832 Sed
1525 1825 1532 1837 ‚
1546 1809 1575 1831 ut
1586 1812 1647 1831 eum
1662 1811 1719 1830 ma-

936 1861 989 1888 gno
1011 1853 1126 1880 Baronio
1150 1855 1246 1888 loquar
1266 1854 1286 1885 ⁹,
1306 1852 1432 1887 quidquid
1457 1852 1600 1886 antiquitas
1621 1850 1717 1884 offert,

935 1901 987 1926 sire
1008 1908 1141 1925 corrosum
1162 1899 1342 1925 mendosumve
1358 1899 1409 1930 sit,
1432 1898 1516 1931 accipi
1539 1902 1622 1923 tamen
1643 1900 1718 1931 qrato

936 1946 1023 1971 animo
1039 1946 1114 1972 solet.

972 1990 1008 2017 De
1022 1992 1075 2018 alio
1092 1995 1181 2017 autem
1199 1997 1279 2025 opere
1295 1990 1362 2026 Περὶ
1376 1989 1425 2024 τῆς
1439 1988 1485 2015 τοῦ
1501 1988 1599 2020 παντὸς
1615 1987 1718 2018 οὐσίας,

935 2037 1034 2070 quoda
1048 2044 1076 2063 se
1090 2036 1218 2071 scriptum
1235 2036 1261 2062 in
1280 2036 1333 2063 tine
1346 2036 1499 2070 Labyrintlti
1512 2039 1626 2062 testatur
1637 2034 1718 2060 Caius

937 2082 1006 2116 apud
1027 2081 1153 2108 Pbotium
1170 2082 1231 2109 loeo
1248 2082 1373 2116 superius
1386 2083 1483 2113 citato,
1501 2084 1597 2115 prreter
1612 2087 1642 2106 ea
1659 2087 1718 2113 quae

936 2127 1006 2154 infra
1024 2128 1136 2155 dicenda
1158 2133 1222 2155 sunt
1242 2128 1287 2155 ubi
1313 2128 1345 2155 de
1363 2127 1498 2162 Hippolyti
1516 2126 1640 2161 scriptis,
1657 2133 1719 2152 eon-

937 2175 1012 2201 sulas
1034 2176 1113 2201 velim
1135 2183 1189 2210 prce
1209 2175 1306 2202 ceteris
1325 2174 1524 2201 Tillemontium
1542 2174 1573 2205 ¹⁰,
1594 2180 1643 2200 nee
1663 2180 1716 2198 non

903 2220 925 2246 D
940 2225 1066 2247 auctores
1088 2221 1214 2248 Historioe
1230 2221 1368 2248 littei-arim
1384 2220 1492 2248 Gatticoe
1506 2220 1537 2252 ¹¹,
1558 2219 1603 2247 sed
1621 2219 1647 2245 in
1664 2218 1718 2252 pri-

939 2267 992 2294 mis
1011 2267 1174 2294 Dodwellum
1192 2269 1225 2295 ¹².

1192 2326 1202 2340 ¹·
1219 2325 1316 2351 Euseb.
1330 2345 1337 2356 ,
1362 2323 1428 2350 llist.
1459 2322 1523 2349 eccl.
1550 2322 1596 2347 lib.
1617 2329 1642 2349 v.
1658 2328 1717 2353 cap·

1076 2361 1162 2392 lren.,
1179 2360 1192 2394 ἦ
1211 2360 1263 2391 58,
1292 2368 1351 2393 pag,
1375 2359 1435 2386 571.
1480 2359 1489 2373 ⁷
1510 2357 1659 2391 Prolegom.
1685 2355 1718 2381 ad

104 2386 172 2412 llibl.
195 2386 246 2413 Pr.
266 2392 331 2413 tom.
353 2388 377 2418 Ι,
392 2397 450 2422 cap.
467 2390 500 2421 il,
520 2391 549 2423 ,ἐξ
565 2391 572 2416 1
593 2396 619 2417 et
636 2394 652 2417 2
664 2412 670 2422 ,
689 2400 765 2426 pagg.
782 2393 833 2423 26,
851 2394 884 2419 ⁶28
899 2393 981 2426 (Patr.
999 2396 1045 2422 Gr.
1058 2416 1064 2425 ,
1083 2400 1100 2421 t.
1116 2395 1157 2426 tt).
1238 2396 1248 2410 Β
1277 2395 1388 2421 Fontan.
1402 2415 1408 2425 ,
1433 2393 1500 2420 Uist.
1529 2393 1577 2419 litt.
1608 2392 1697 2426 Aquil.
1711 2410 1718 2420 .

104 2421 150 2446 1ι1ι.
169 2430 196 2451 ιι,
213 2430 262 2456 cap
290 2423 314 2453 1,
329 2422 357 2455 ἐξ
373 2424 382 2449 1
402 2429 427 2449 et
443 2425 468 2455 τὶ,
485 2433 560 2459 pagg.
578 2426 612 2452 :35
628 2435 703 2460 seqq.
741 2429 751 2442 ⁹
773 2427 882 2456 Baron..
901 2428 932 2453 ad
947 2437 1010 2457 ann.
1030 2431 1077 2457 [1151
1091 2451 1097 2463 ‚
1112 2430 1177 2463 527.

1265 2431 1284 2445 '⁰
1305 2429 1522 2461 Tittem.‚ttte1n.
1536 2448 1542 2457 ,
1572 2433 1638 2453 tom.
1669 2426 1699 2452 tlt
1711 2446 1718 2456 ,

104 2464 165 2489 pag.
183 2457 243 2484 176.
283 2459 302 2473 ¹¹
323 2457 390 2485 Hist.
404 2459 454 2487 litt.
471 2460 541 2487 dela
554 2460 670 2493 Franco,
690 2467 754 2488 tom.
771 2461 795 2495 l,
814 2468 883 2496 part.
899 2471 922 2496 1,
937 2472 997 2499 pag.
1012 2466 1074 2493 559.
1112 2457 1134 2481 ³²
1154 2465 1246 2492 Dodw.
1270 2465 1381 2492 nissen.
1395 2465 1411 2492 G
1438 2465 1521 2496 lren.,
1548 2462 1561 2498 ἓ
1585 2462 1625 2494 18,
1657 2469 1716 2496 pag·

105 2492 157 2517 4υῦ
173 2500 248 2526 seqq.
