1861 3018
153 114 204 140 ΞΠ

479 112 506 138 S.
529 110 707 137 tttt‘rotA'Tt
728 109 800 135 OPP.
823 107 912 135 PARS
933 108 964 135 ll.

986 123 1019 128 —-
1038 107 1187 135 DOGMAT.
1210 108 1252 134 ET
1272 108 1450 136 tttSTonic:
1716 109 1767 136 848

154 174 175 198 si
193 171 418 207 quemadmodum
436 179 548 206 magnus
567 171 599 196 ab
617 169 817 196 immortalitate
831 176 931 202 cogno·
946 170 967 197 Α
984 173 1099 195 creatam
1110 173 1134 194 et
1144 168 1768 203 creatam,sineinceptionectcuminceptione,

154 220 273 244 initiatus
289 218 356 250 (uti,
372 220 426 244 imo
442 225 506 243 vero
522 221 634 242 cunctus
657 219 812 241 sanctorum
835 213 935 240 chorus

153 265 277 293 attii-inat.
293 264 364 297 quod
387 272 452 297 pene
472 263 535 288 sides
548 260 696 287 Salraturis
712 259 795 286 nostri
819 266 871 284 non
892 258 937 284 ad-

154 310 251 340 mittat.
268 318 329 337 cuin
351 310 400 335 hoc
419 308 540 334 instabile
552 306 678 340 quiddam
693 304 841 331 secundum
859 311 934 330 suam

154 357 237 390 ipsius
253 356 384 381 rationein
399 355 520 380 exsistat.
536 352 611 384 Quod
627 351 648 376 si
665 351 715 376 hoe
740 350 821 375 suerit
844 355 934 383 passa,

153 402 261 435 etquod
278 401 390 426 huiecst
411 398 576 426 eontrarium
608 396 699 430 procul
720 395 801 421 dubio
819 395 936 421 sustine-

154 449 201 477 bit,
228 447 438 473 additamentum
467 444 579 474 scilicet,
601 447 626 468 ct
652 441 789 475 quomodo
816 440 936 467 manebit

153 494 265 519 ulterius
280 493 344 518 tides
367 491 512 517 defectibus
529 497 559 515 ac
585 487 750 522 profectibus
772 486 936 513 immutata?

154 540 258 567 lncani,
277 538 372 571 inquit.
401 536 484 567 nobis,
503 535 546 569 qui
574 542 619 568 per
646 532 762 566 sinqulos
790 532 843 558 dies
871 532 935 565 fides

153 590 251 615 cranii,
271 584 390 609 inimicos
408 582 457 607 sitii
478 582 591 606 diversos
607 580 718 613 finitum,
736 579 859 612 qnoniam
877 587 935 603 cnm

153 630 212 662 [idei
227 629 298 654 rvi-tvo
316 633 433 653 imitatur
450 631 526 660 utque
551 624 741 657 multiplicatur
768 632 782 649 α
800 624 895 649 talibus
909 623 935 648 id

152 676 219 708 qnod
235 674 359 700 ciciliiur.
379 672 448 706 lii-go
463 676 489 697 ct
505 671 653 697 adversarii
669 670 733 696 tides
751 669 802 696 sibi
819 669 936 695 conden-

153 720 449 752 testlix·‹·i·sas.:1l›s‹pn=.
464 717 537 743 omni
553 715 767 742 contradictione
787 715 934 742 secundum

153 766 307 799 qualitatem
325 769 348 789 et
362 763 539 797 quantitatem
557 765 637 795 atque
655 759 868 786 immutationem
886 760 934 786 do-

153 816 271 845 gmatum
289 817 411 840 suorum,
429 809 573 834 immutant
598 805 679 832 siinul
703 810 728 832 ct
756 805 936 840 multiplicant

153 857 178 883 id
197 856 267 890 quod
279 856 407 885 creditur,
424 858 449 881 et
465 853 585 888 quinque
609 851 735 878 Christos
751 855 861 877 eatenus
877 851 934 884 pla-

153 910 255 929 smasse
270 905 466 928 monstrantur.
490 899 564 925 llunc
581 897 690 932 quidem
703 905 785 923 unam
797 897 931 931 operatio-

153 956 224 980 nem,
243 948 316 973 illum
335 954 398 973 vcro
414 954 462 973 nec
479 953 558 972 unam
587 945 782 979 operationem,
801 947 828 969 ct
848 943 930 969 alium

153 1002 233 1020 unam
250 998 424 1024 voluntatem,
451 998 476 1019 et
503 992 615 1018 alterum
637 999 686 1018 nee
706 998 787 1017 unam
808 990 933 1016 volunta-

152 1047 223 1066 tem:
248 1048 327 1073 porro
344 1040 466 1073 quintum
494 1046 573 1065 uuam
605 1043 631 1065 et
652 1038 731 1070 duas,
746 1042 826 1071 atque
851 1044 932 1063 unam

152 1089 177 1112 ct
192 1086 269 1115 duas,
284 1085 360 1110 idest
376 1089 428 1110 tres
445 1084 614 1118 operationes
643 1088 669 1110 et
692 1088 747 1110 tres
771 1078 932 1114 voluntates,

153 1136 179 1157 ut
195 1131 281 1161 aiunt,
302 1130 455 1156 habentem.
470 1129 500 1156 Et
521 1130 612 1156 dicant
641 1130 662 1156 si
685 1129 778 1156 volunt
807 1129 843 1155 illi
872 1129 933 1163 ipsi,

152 1178 196 1211 qui
221 1176 282 1202 talia
306 1181 442 1210 exponunt
456 1175 592 1210 dogmata,
614 1180 640 1202 et
667 1176 712 1209 qui
732 1175 935 1201 communicant

151 1223 201 1253 eis,
220 1222 245 1247 in
257 1229 335 1255 quem
352 1222 443 1247 talium
457 1229 486 1247 ac
500 1225 538 1247 tot
559 1221 727 1247 Christorum
739 1230 754 1247 a
769 1228 797 1247 se
812 1221 934 1247 lictorum

152 1267 292 1293 credentes
304 1267 432 1300 baptizati
462 1271 525 1293 sunt
540 1267 580 1293 vcl
592 1267 764 1300 baptizantur
779 1276 785 1293 ε
800 1270 845 1292 aut
857 1266 935 1300 eujus

152 1322 245 1340 eorum
269 1322 367 1347 corpus
385 1319 409 1340 et
427 1314 585 1348 sanguinein
612 1318 724 1340 sumunt
746 1318 826 1347 atquc
842 1313 934 1339 distri-

153 1361 255 1394 huunt3
273 1366 362 1387 utrum
374 1361 432 1395 ejus
445 1361 491 1395 qui
508 1368 599 1392 unam,
613 1369 645 1386 an
658 1360 703 1394 qui
718 1368 767 1387 nec
779 1367 858 1386 unani
876 1367 936 1392 ope-

154 1410 304 1440 rationrnu
321 1408 379 1442 ejus
391 1407 436 1442 qui
455 1415 536 1433 unam
554 1407 731 1437 voluntatem,
757 1413 790 1432 an
817 1405 876 1439 ejus
891 1404 936 1438 qui

155 1463 234 1480 unani
249 1459 273 1480 et
292 1454 370 1484 duas,
387 1457 412 1479 et
424 1461 505 1479 unam
518 1457 541 1479 et
557 1452 635 1483 duas,
664 1451 690 1478 id
707 1456 748 1478 est
773 1456 828 1478 tres
841 1457 937 1484 opera-

153 1500 241 1525 tiones
255 1503 280 1525 et
293 1504 347 1525 tres
366 1499 530 1528 voluntates
547 1503 571 1524 et
588 1502 728 1532 propterea
758 1497 814 1531 jam
839 1505 871 1523 ex
886 1504 934 1522 ne-

153 1544 277 1570 cessitate
294 1548 349 1569 tres
364 1543 445 1569 etiam
461 1546 571 1568 naturas
586 1541 674 1567 babet.
690 1540 741 1567 Sed
755 1548 804 1565 non
822 1545 877 1566 erat
888 1547 936 1565 vox

152 1596 175 1615 et
193 1598 240 1615 non
254 1595 309 1615 erat
322 1589 422 1614 auditio
433 1589 465 1619 ⁸⁷,
488 1587 717 1622 quemadmodum
745 1586 782 1612 ait
806 1586 935 1620 propheta

155 1644 267 1670 magnus
281 1635 362 1666 Elias,
375 1635 504 1661 scelestos
515 1634 669 1660 sacerdotes
682 1637 708 1659 et
718 1632 937 1666 pseudoprophe-

155 1686 195 1706 tas
211 1681 377 1706 ‹ont'usionis
394 1681 569 1713 redarguens.

192 1736 201 1751 ‹
220 1727 264 1753 lX.
282 1726 347 1752 Nam
365 1726 495 1760 quidquid
527 1725 623 1751 horum
641 1724 769 1754 dixerint,
788 1723 861 1749 illinc
875 1730 935 1748 cum

156 1772 291 1806 impietate
302 1772 382 1797 etiam
392 1771 609 1805 redargutionem
622 1776 710 1796 sermo
718 1776 812 1795 corum
824 1769 939 1794 circum-

155 1819 241 1849 s=:r·et;
261 1819 387 1852 quoniam
405 1825 457 1843 non
474 1817 499 1842 in
514 1824 606 1843 verum
620 1821 646 1842 ct
659 1815 792 1842 veraciter
804 1814 938 1841 exsisten—

155 1870 206 1891 tem
231 1864 367 1889 Christum
390 1864 501 1889 credunt
523 1868 602 1895 :itque
631 1861 778 1894 baptizant,
804 1859 937 1886 necillius

155 1918 253 1943 corpus
267 1914 291 1934 et
311 1910 469 1943 sanguinein
487 1908 622 1941 accipiunt
634 1912 660 1933 ct
670 1907 845 1933 distribuunt.
859 1905 935 1931 lllutu

157 1957 240 1986 enim,
262 1963 354 1981 verum
382 1955 493 1986 scilicet,
509 1954 591 1987 etqui
616 1961 678 1979 vere
703 1953 838 1984 consistit,
856 1952 936 1978 Chri-

160 2007 231 2028 stum
249 2001 330 2027 Deum
342 2001 421 2026 simul
438 2005 463 2026 et
488 2000 622 2026 hominem
640 1999 730 2033 inclyti
755 1998 876 2032 magistri
895 2006 938 2023 ne-

157 2047 205 2072 stri
221 2055 250 2071 ae
262 2052 437 2079 praeceptores
449 2046 574 2076 scientes,
588 2045 655 2071 duas
678 2049 704 2070 et
724 2049 828 2070 tantum
841 2051 937 2077 queni-

157 2093 300 2118 admodum
313 2097 432 2122 naturas,
443 2092 481 2117 sic
491 2092 572 2117 etiam
582 2095 607 2116 et
616 2091 683 2116 duas
692 2090 854 2120 voluntates,
865 2094 890 2116 ct
899 2094 939 2116 to-

158 2139 238 2165 tidem
249 2138 420 2171 operationes
429 2141 607 2170 congruentes
617 2137 805 2167 sibi‚divinam
824 2137 937 2169 scilicet,

158 2188 185 2209 ut
196 2184 250 2217 jam
262 2184 361 2209 dictum
377 2188 416 2209 cst
429 2182 677 2217 circorum-obuium,
687 2187 713 2209 et
728 2183 886 2215 humanam,
899 2183 940 2209 in-

951 1104 972 1132 Β

989 214 1015 239 iu
1030 214 1087 246 ipso
1097 214 1259 239 contin-nnn·
1268 218 1294 239 ct
1305 214 1426 240 confiteri
1439 214 1517 241 nobis
1528 214 1696 248 praeeipiunt.
1709 213 1768 241 Non

988 263 1090 290 autem,
1107 262 1135 284 ut
1151 258 1177 283 hi
1194 266 1266 286 nnnc
1279 259 1412 286 novitates
1430 259 1560 291 fecerunt,
1576 267 1658 286 unam
1679 264 1706 286 et
1720 267 1770 286 nec

988 313 1082 336 unam,
1096 312 1144 330 nec
1157 304 1234 336 duas,
1250 309 1275 331 et
1293 313 1387 332 rursus
1397 313 1478 331 unam
1495 309 1521 331 et
1532 306 1610 337 duas,
1625 305 1649 331 id
1661 308 1702 331 est
1716 309 1770 330 tres

987 351 1175 377 xoluntateset
1190 351 1362 384 operationes
1383 351 1482 378 hahere
1494 352 1568 377 illum
1587 351 1716 377 fatentur.

1025 407 1032 422 ι
1053 397 1084 422 X.
1101 397 1187 430 Super
1203 397 1261 423 lime.
1274 401 1362 423 autem
1376 398 1466 424 onmia
1483 406 1543 432 quat
1559 398 1630 424 dieta
1654 402 1726 428 sunt,
1744 402 1770 422 et

987 442 1051 468 illud
1068 450 1175 476 quoque
1195 443 1346 469 certissime
1377 443 1511 475 noverint,
1528 444 1656 477 quoniam
1687 451 1768 469 unam

987 495 1036 514 nec
1053 496 1144 518 unam,
1161 496 1247 522 neque
1268 489 1347 521 duas,
1364 493 1391 515 et
1423 489 1521 516 iterum
1548 497 1629 516 unam
1659 493 1685 516 et
1702 489 1771 516 duas

986 535 1138 560 voluntates
1151 539 1177 560 ct
1195 535 1377 568 operationes,
1391 539 1416 561 et
1430 536 1521 562 omnia
1535 543 1595 561 cuin
1611 536 1771 562 anathenia-

988 580 1059 606 tibus
1067 584 1092 606 et
1102 580 1314 614 depositionibus
1329 587 1360 607 ac
1372 581 1651 607 excommunicatione
1660 581 1771 614 ‹logma-

987 626 1112 656 tizantes,
1130 630 1222 659 aperte
1235 625 1285 652 sihi
1298 630 1323 651 et
1339 625 1477 652 alterutris
1492 633 1641 660 repugnare
1654 626 1771 660 proban-

987 677 1031 699 tur
1045 680 1051 703 ;
1071 676 1097 698 et
1111 671 1161 706 ipsi
1180 679 1227 705 per
1254 679 1282 698 se
1298 671 1372 705 ipsos
1385 675 1412 697 et
1438 671 1551 697 invicem
1568 672 1725 698 subvertunt
1739 678 1770 698 ac

987 718 1138 748 destruunt,
1153 717 1253 743 alterna
1271 717 1351 744 verba
1381 721 1408 743 ct
1425 717 1562 751 dogmata,
1592 724 1674 751 seque
1697 717 1771 750 ipsos

986 769 1013 791 et
1024 764 1177 795 alterutros,
1194 767 1218 789 et
1234 771 1281 789 eos
1296 763 1342 797 qui
1356 762 1407 789 sibi
1431 763 1643 794 communicant,
1659 762 1771 788 anathe-

987 810 1127 842 matizant,
1147 815 1173 836 ct
1184 810 1217 836 ab
1234 810 1307 836 omni
1322 817 1399 836 saera
1416 809 1545 842 dignitate
1569 816 1600 834 ac
1621 808 1771 834 ministerio

986 856 1090 889 peliunt
1108 859 1187 888 atque
1203 855 1351 889 deponunt.
1368 854 1477 881 Necnon
1490 858 1516 880 ct
1529 861 1543 879 a
1558 853 1728 887 perceptione
1738 852 1771 879 il-

986 900 1280 927 libaueconnnumonis
1289 900 1385 926 vivifici
1396 900 1515 934 corporis
1526 904 1551 925 et
1566 899 1706 934 sanguinis
1715 908 1772 926 nia-

986 948 1029 983 gni
1039 947 1084 974 Dei
1094 952 1118 973 et
1128 947 1367 974 Salvatorisnostri
1377 946 1439 973 Jesu
1450 946 1548 972 Christi
1557 949 1735 980 sequestrant.

1025 1003 1033 1018 ‹
1050 993 1094 1020 xl.
1109 993 1209 1020 Ethaec
1230 993 1333 1027 liquido
1358 1001 1417 1023 nos,
1440 997 1466 1019 et
1481 993 1555 1019 nullo
1584 993 1721 1018 intuentes
1746 995 1774 1017 et

988 1039 1103 1065 scientes
1115 1038 1239 1065 obstante
1248 1038 1391 1069 velamine,
1403 1045 1457 1063 non
1471 1038 1557 1064 solum
1568 1036 1774 1071 proptermuiti-

988 1084 1101 1112 sornicm
1119 1092 1248 1115 errorem,
1275 1092 1367 1110 verum
1383 1084 1464 1111 etiam
1482 1088 1507 1110 ct
1522 1088 1630 1117 propter
1646 1082 1776 1109 instabili-

990 1135 1070 1157 tatem
1086 1134 1113 1156 et
1139 1130 1335 1156 absurditatem
1361 1137 1392 1155 ae
1419 1129 1662 1163 reciprocationem
1680 1129 1772 1155 talium

988 1177 1108 1203 virorum
1127 1179 1153 1202 ct
1165 1175 1333 1210 dogmatum,
1352 1175 1426 1202 omni
1452 1175 1575 1202 custodia
1593 1175 1774 1209 nosmetipsos

989 1223 1023 1248 ab
1046 1223 1154 1249 illorum
1185 1222 1323 1256 impietate
1347 1227 1374 1248 et
1403 1222 1595 1249 communione
1623 1229 1773 1253 servemus,

989 1271 1122 1302 quotquot
1141 1267 1167 1293 in
1191 1268 1304 1294 veritate
1331 1276 1390 1294 csse
1406 1276 1437 1294 ac
1452 1268 1504 1294 dici
1533 1267 1680 1294 Christiani
1702 1267 1777 1294 volu-

990 1321 1061 1340 mus.
1076 1313 1201 1340 Alienum
1215 1314 1314 1348 quippe
1326 1321 1340 1340 a
1356 1314 1518 1341 Christianis
1535 1318 1588 1345 est,
1605 1321 1666 1340 cum
1678 1313 1774 1340 ortho-

989 1360 1068 1386 doxia
1100 1360 1181 1386 etiam
1212 1361 1378 1394 impietatem
1408 1360 1559 1394 susciperc;
1587 1364 1634 1385 aut
1653 1359 1774 1386 confiteri

988 1405 1096 1440 quidem
1105 1407 1284 1433 orthodoxam
1295 1407 1385 1438 tidem,
1394 1407 1596 1433 communicare
1605 1413 1667 1432 vero
1678 1406 1719 1432 his
1728 1404 1773 1439 qui

988 1452 1058 1478 hanc
1072 1460 1119 1486 per
1135 1460 1219 1479 novas
1230 1453 1398 1479 inventiones
1412 1452 1548 1486 abnegant
1570 1457 1594 1478 et
1608 1451 1772 1477 adulterant.

989 1496 1101 1532 Propter
1116 1498 1187 1532 quod
1202 1498 1291 1524 divina
1311 1499 1388 1525 nobis
1413 1499 1453 1524 lex
1476 1498 1556 1524 simul
1585 1503 1610 1523 et
1626 1497 1774 1531 apostoliea

986 1544 1072 1578 jubet,
1087 1552 1133 1571 eos
1148 1545 1194 1578 qui
1208 1545 1280 1571 aliud
1299 1548 1394 1578 praeter
1404 1544 1475 1578 quod
1491 1552 1506 1570 a
1522 1543 1689 1570 Christiseris
1710 1543 1774 1569 viris

989 1591 1142 1625 accepimus
1158 1591 1190 1623 ⁸⁸,
1207 1591 1303 1618 docere
1316 1598 1346 1617 ac
1365 1591 1538 1617 introducere
1556 1591 1644 1616 conati
1661 1589 1774 1620 rucrint,

988 1639 1108 1662 avertere
1128 1635 1183 1669 (05)
1196 1639 1222 1661 et
1236 1635 1479 1665 anathematizare,
1495 1642 1548 1660 non
1563 1638 1666 1659 tantum
1685 1633 1706 1659 si
1724 1633 1771 1658 ho·

990 1681 1077 1707 mines
1095 1680 1204 1712 suerint,
1222 1680 1306 1706 sedet
1323 1680 1384 1706 licet
1408 1679 1496 1713 angeli
1526 1678 1652 1705 fortassis
1678 1686 1692 1704 e
1705 1678 1775 1704 coelo

989 1726 1184 1753 descendentes
1199 1725 1360 1752 exstiterint.
1383 1724 1415 1751 Et
1427 1725 1449 1751 si
1466 1725 1517 1751 hoc
1530 1724 1685 1755 fecerimus,
1699 1729 1724 1750 et
1737 1724 1775 1750 di-

989 1772 1079 1797 vinam
1107 1772 1165 1798 sine
1194 1771 1415 1805 praevarieatione
1441 1770 1678 1803 adimpleverimus
1706 1777 1774 1803 prae-

988 1817 1150 1850 ceptionem,
1168 1823 1326 1850 sacramque
1339 1823 1371 1841 ae
1386 1815 1563 1841 orthodoxam
1580 1815 1657 1840 sidem
1671 1814 1774 1848 absque

988 1862 1184 1888 adulteratione
1198 1861 1279 1888 simul
1296 1866 1322 1887 et
1339 1860 1515 1887 innovatione
1533 1860 1733 1894 possederimus
1746 1863 1774 1885 ct

988 1907 1106 1933 confessi
1137 1906 1288 1938 fuerimus;
1317 1906 1350 1932 ad
1362 1905 1682 1932 vitainsaliiessieiemur
1696 1908 1775 1931 :eter-

990 1962 1050 1979 nam
1067 1954 1092 1979 in
1107 1953 1216 1979 Christo
1227 1951 1292 1979 Jesu
1316 1951 1430 1978 Domino
1443 1957 1554 1978 nostro:
1570 1959 1630 1977 euin
1648 1958 1701 1984 quo
1721 1949 1774 1976 Deo

988 2004 1014 2025 et
1037 1999 1121 2029 Patri,
1141 2007 1192 2024 una
1209 2006 1270 2025 cum
1288 1999 1461 2025 sanctissimo
1475 2002 1500 2024 et
1522 1997 1593 2023 hono
1606 2005 1637 2023 ac
1665 1996 1773 2022 vivifico

990 2044 1102 2078 Spiritu,
1118 2044 1213 2077 gloria,
1232 2044 1328 2075 honor,
1352 2043 1506 2077 imp-trium,
1523 2047 1548 2068 et
1565 2041 1687 2068 adoratio
1701 2049 1773 2067 nune

988 2094 1014 2116 et
1030 2098 1145 2123 semper,
1172 2094 1198 2115 et
1215 2089 1240 2115 iu
1259 2089 1349 2115 onmia
1367 2095 1561 2122 nunquamque
1587 2087 1703 2113 liuienda
1723 2094 1774 2112 sa:-

990 2137 1049 2164 cula
1064 2136 1236 2163 saeculorum.
1254 2135 1349 2161 Amen.
1371 2143 1380 2159 ι

159 2276 283 2308 Claudii
314 2274 552 2313 Capperonnier
568 2284 597 2304 v.
627 2283 652 2304 c.
680 2274 977 2307 animadversiones
1005 2277 1036 2306 in
1063 2275 1219 2306 Anastasii
1237 2273 1422 2303 Versionem
1440 2271 1580 2301 Latinam
1598 2270 1772 2307 Fragmen-

286 2320 388 2345 torum
410 2313 586 2352 Hippolyti,
608 2315 722 2343 Contra
742 2314 891 2344 Beronem
908 2322 935 2346 et
952 2317 1090 2347 IIeZIcem
1106 2326 1112 2344 :
1126 2314 1216 2353 juxta
1233 2312 1408 2342 editionem
1426 2310 1653 2341 Fabricianum.

315 2377 406 2402 Antist.
420 2376 511 2402 versio.

194 2422 210 2438 α
242 2412 414 2439 Naturahhus
447 2411 575 2444 producta
606 2409 672 2444 legi-

159 2449 215 2474 hus.

195 2483 208 2515 [3
230 2482 394 2507 vertibilitas
411 2482 481 2507 enim
497 2480 554 2513 ejus
572 2479 616 2513 qui
632 2483 671 2504 est

160 2519 283 2549 inexpers
299 2517 438 2548 motionis,
458 2520 546 2542 motus
559 2519 599 2540 cst
616 2514 672 2539 inti-

161 2553 211 2578 niti
224 2554 288 2586 roo).

708 2453 740 2470 να.
753 2445 853 2478 νόμοις.

709 2522 766 2548 ρον,
779 2516 909 2541 >tt-teimau
926 2516 962 2551 μὴ

710 2557 795 2582 νηπις.

195 2631 211 2654 γ
230 2622 307 2648 Omni
330 2621 409 2647 ctiam
432 2624 541 2654 excepta
557 2620 673 2646 circum-

161 2658 307 2690 scriptione
324 2657 482 2690 permansit.
710 2661 752 2680 κι.

195 2715 215 2728 ¹·
230 2713 259 2739 ΙΙΙ
274 2713 337 2745 tis-g.
350 2720 423 2743 xviii,
444 2712 486 2737 ⁵215.
526 2711 547 2725 ⁸⁸³
561 2710 619 2737 Gal.
641 2718 658 2741 ι,
676 2710 701 2735 8.

197 2773 222 2796 ΗΞ
232 2772 250 2802 ἱ]
264 2771 371 2803 ,ildoinus
384 2771 413 2795 ab
429 2770 627 2795 immortalitate
639 2768 845 2801 cospiontinutttS.
856 2766 934 2793 Attia-

163 2814 255 2831 nasius
274 2806 304 2830 121·
327 2806 420 2839 synod.
448 2806 551 2829 :si-tnnc.
567 2810 591 2829 ct
606 2805 718 2828 Arimin.
734 2804 783 2828 Sed
807 2803 932 2828 incudum

165 2850 189 2866 iti
217 2850 278 2867 xoce
291 2849 361 2873 prum
382 2839 449 2864 Num
469 2839 595 2869 consuti-s,
620 2840 659 2864 vel
684 2843 782 2871 tenipus
799 2842 843 2863 aut
862 2837 932 2870 dese-

914 2377 1018 2404 Gra‘ca.

743 2410 803 2440 Τοῖς
817 2411 918 2438 ’ἕκαστα
934 2414 1056 2446 φυσικοῖς
1069 2410 1223 2445 araga-fdus-

743 2480 834 2514 Τροπὴ
849 2481 901 2515 γὰρ
913 2482 958 2507 :03
972 2481 1039 2508 κατὰ
1050 2480 1129 2514 φύσιν
1144 2479 1222 2505 ἀπεί-

978 2516 1138 2551 πεφυκότος,
1151 2516 1166 2549 ἡ
1180 2514 1221 2540 κί-

745 2618 835 2652 ΙΙάιςης
852 2619 901 2650 ἔξω
917 2621 1087 2656 περιγραφῆς
1104 2619 1221 2654 μεμένη-

1438 2372 1597 2398 Emendata.

1296 2408 1358 2434 Suis
1372 2416 1485 2442 qumque
1499 2407 1601 2441 legibus
1614 2407 1772 2438 temperata,

1260 2444 1297 2470 vel
1312 2444 1444 2469 ordinata.
1766 2471 1771 2476 ι

1295 2478 1406 2504 Mutatio
1421 2485 1475 2503 non
1500 2475 1578 2502 dehet
1596 2473 1676 2500 tribui
1689 2472 1713 2498 ei
1727 2479 1773 2505 qui

1260 2513 1293 2539 de
1312 2519 1406 2539 natura
1424 2520 1473 2539 sua
1498 2512 1532 2537 sit
1546 2509 1710 2536 immotionis
1725 2514 1755 2532 ex

1260 2556 1330 2582 pers.
1353 2549 1515 2574 lunnensum
1538 2545 1638 2571 moveri
1658 2550 1711 2569 non
1725 2549 1773 2576 po-

1261 2588 1323 2609 test.

1297 2618 1360 2643 Sine
1394 2616 1469 2643 omni

1261 2652 1418 2687 permansit.

1520 2611 1773 2646 circumscriptione

989 2771 1057 2792 ctum
1071 2767 1082 2791 ?
1097 2766 1214 2791 (lower.

1024 2801 1079 2834 (nti)
1097 2801 1226 2826 Avertere.
1245 2798 1382 2824 Aversari.
1395 2797 1477 2823 Bura.

1023 2837 1077 2869 (oo)
1100 2835 1159 2861 llaec
1178 2834 1266 2861 versio
1282 2833 1384 2859 nullum
1409 2831 1505 2866 legenti
1524 2838 1633 2857 sensum
1651 2828 1769 2856 exhibe-t.
